<?xml version="1.0" encoding="UTF-8"?>
<!DOCTYPE html PUBLIC "-//W3C//DTD XHTML 1.0 Transitional//EN"
    "http://www.w3.org/TR/xhtml1/DTD/xhtml1-transitional.dtd">
<html xmlns="http://www.w3.org/1999/xhtml" xml:lang="en" lang="en">
 <head>
  <title>
</title>
<meta http-equiv="Content-Type" content="text/html;charset=utf-8" />
  <meta name='ocr-system' content='tesseract 3.04.00' />
  <meta name='ocr-capabilities' content='ocr_page ocr_carea ocr_par ocr_line ocrx_word'/>
</head>
<body>
  <div class='ocr_page' id='page_1' title='image "./carolilinnaeient02linn/carolilinnaeient02linn_0554.png"; bbox 0 0 1624 2937; ppageno 0'>
   <div class='ocr_carea' id='block_1_1' title="bbox 217 98 1360 164">
    <p class='ocr_par' dir='ltr' id='par_1_1' title="bbox 217 98 1360 164">
     <span class='ocr_line' id='line_1_1' title="bbox 217 98 1360 164; baseline 0.002 -10"><span class='ocrx_word' id='word_1_1' title='bbox 217 108 301 164; x_wconf 71' lang='lat'>&#39;526</span> <span class='ocrx_word' id='word_1_2' title='bbox 355 109 603 154; x_wconf 68' lang='lat' dir='ltr'>lnsssc‘rA</span> <span class='ocrx_word' id='word_1_3' title='bbox 633 98 1360 155; x_wconf 45' lang='lat' dir='ltr'>LEPIDOPTERAssPhalffineae:</span> 
     </span>
    </p>
   </div>
   <div class='ocr_carea' id='block_1_2' title="bbox 599 218 1491 1156">
    <p class='ocr_par' dir='ltr' id='par_1_2' title="bbox 599 218 1491 1156">
     <span class='ocr_line' id='line_1_2' title="bbox 600 218 1487 276; baseline 0.002 -13"><span class='ocrx_word' id='word_1_4' title='bbox 600 218 723 264; x_wconf 84' lang='lat' dir='ltr'>ruleis</span> <span class='ocrx_word' id='word_1_5' title='bbox 740 251 753 270; x_wconf 90' lang='lat'>‚</span> <span class='ocrx_word' id='word_1_6' title='bbox 772 220 925 262; x_wconf 88' lang='lat' dir='ltr'>macula</span> <span class='ocrx_word' id='word_1_7' title='bbox 943 233 1085 276; x_wconf 83' lang='lat' dir='ltr'>magna</span> <span class='ocrx_word' id='word_1_8' title='bbox 1112 221 1336 263; x_wconf 84' lang='lat' dir='ltr'>albidiffima</span> <span class='ocrx_word' id='word_1_9' title='bbox 1351 254 1363 271; x_wconf 93' lang='lat'><strong>‚</strong></span> <span class='ocrx_word' id='word_1_10' title='bbox 1383 230 1487 265; x_wconf 62' lang='lat' dir='ltr'>mar-¹</span> 
     </span>
     <span class='ocr_line' id='line_1_3' title="bbox 601 276 1485 331; baseline 0.003 -16"><span class='ocrx_word' id='word_1_11' title='bbox 601 278 695 331; x_wconf 84' lang='lat' dir='ltr'><strong>gine</strong></span> <span class='ocrx_word' id='word_1_12' title='bbox 722 276 916 317; x_wconf 88' lang='lat' dir='ltr'>interiore</span> <span class='ocrx_word' id='word_1_13' title='bbox 953 277 1115 317; x_wconf 80' lang='lat' dir='ltr'>sinuata.</span> <span class='ocrx_word' id='word_1_14' title='bbox 1149 276 1243 317; x_wconf 60' lang='grc' dir='ltr'>Αἶα»</span> <span class='ocrx_word' id='word_1_15' title='bbox 1276 280 1485 331; x_wconf 74' lang='lat' dir='ltr'>inferiores</span> 
     </span>
     <span class='ocr_line' id='line_1_4' title="bbox 605 330 1485 385; baseline 0.001 -14"><span class='ocrx_word' id='word_1_16' title='bbox 605 330 760 385; x_wconf 82' lang='lat' dir='ltr'>griseae.</span> <span class='ocrx_word' id='word_1_17' title='bbox 798 334 843 371; x_wconf 88' lang='lat' dir='ltr'>In</span> <span class='ocrx_word' id='word_1_18' title='bbox 879 331 1076 372; x_wconf 80' lang='lat' dir='ltr'>honorem</span> <span class='ocrx_word' id='word_1_19' title='bbox 1113 331 1168 372; x_wconf 92' lang='lat' dir='ltr'>D.</span> <span class='ocrx_word' id='word_1_20' title='bbox 1206 332 1400 380; x_wconf 81' lang='lat' dir='ltr'>Franczfci</span> <span class='ocrx_word' id='word_1_21' title='bbox 1437 335 1485 372; x_wconf 83' lang='lat' dir='ltr'>de</span> 
     </span>
     <span class='ocr_line' id='line_1_5' title="bbox 603 385 1483 428; baseline 0.001 -1"><span class='ocrx_word' id='word_1_22' title='bbox 603 386 733 427; x_wconf 85' lang='lat' dir='ltr'>Paula</span> <span class='ocrx_word' id='word_1_23' title='bbox 764 385 955 426; x_wconf 75' lang='lat' dir='ltr'>Schranlci</span> <span class='ocrx_word' id='word_1_24' title='bbox 981 387 1281 427; x_wconf 82' lang='lat' dir='ltr'>enumeratione</span> <span class='ocrx_word' id='word_1_25' title='bbox 1316 388 1483 428; x_wconf 59' lang='lat' dir='ltr'>insecto-</span> 
     </span>
     <span class='ocr_line' id='line_1_6' title="bbox 601 441 1486 496; baseline -0.001 -14"><span class='ocrx_word' id='word_1_26' title='bbox 601 455 690 483; x_wconf 86' lang='lat' dir='ltr'>rum</span> <span class='ocrx_word' id='word_1_27' title='bbox 737 441 906 481; x_wconf 85' lang='lat' dir='ltr'>Austriae</span> <span class='ocrx_word' id='word_1_28' title='bbox 956 443 1125 496; x_wconf 86' lang='lat' dir='ltr'>cogniti.</span> <span class='ocrx_word' id='word_1_29' title='bbox 1170 445 1279 494; x_wconf 89' lang='lat' dir='ltr'>Opus</span> <span class='ocrx_word' id='word_1_30' title='bbox 1316 442 1486 496; x_wconf 84' lang='lat' dir='ltr'>perutile</span> 
     </span>
     <span class='ocr_line' id='line_1_7' title="bbox 602 496 1489 550; baseline 0.002 -15"><span class='ocrx_word' id='word_1_31' title='bbox 602 505 683 536; x_wconf 78' lang='lat' dir='ltr'>tam</span> <span class='ocrx_word' id='word_1_32' title='bbox 735 496 983 550; x_wconf 84' lang='lat' dir='ltr'>synonymiae</span> <span class='ocrx_word' id='word_1_33' title='bbox 1035 498 1316 537; x_wconf 79' lang='lat' dir='ltr'>emendatione</span> <span class='ocrx_word' id='word_1_34' title='bbox 1372 510 1489 549; x_wconf 85' lang='lat' dir='ltr'>quam</span> 
     </span>
     <span class='ocr_line' id='line_1_8' title="bbox 601 550 1488 604; baseline 0.001 -13"><span class='ocrx_word' id='word_1_35' title='bbox 601 551 910 604; x_wconf 85' lang='lat' dir='ltr'>descriptionum</span> <span class='ocrx_word' id='word_1_36' title='bbox 946 551 1248 592; x_wconf 67' lang='lat' dir='ltr'>rectificatione.</span> <span class='ocrx_word' id='word_1_37' title='bbox 1272 550 1488 594; x_wconf 79' lang='lat' dir='ltr'>Desidera-</span> 
     </span>
     <span class='ocr_line' id='line_1_9' title="bbox 602 606 1488 660; baseline 0 -13"><span class='ocrx_word' id='word_1_38' title='bbox 602 615 715 649; x_wconf 88' lang='lat' dir='ltr'>retur</span> <span class='ocrx_word' id='word_1_39' title='bbox 745 606 1085 660; x_wconf 86' lang='lat' dir='ltr'>lepidopterorum</span> <span class='ocrx_word' id='word_1_40' title='bbox 1107 609 1369 647; x_wconf 81' lang='lat' dir='ltr'>enumeratio.</span> <span class='ocrx_word' id='word_1_41' title='bbox 1401 610 1488 647; x_wconf 88' lang='lat' dir='ltr'>Re·-</span> 
     </span>
     <span class='ocr_line' id='line_1_10' title="bbox 602 661 1485 714; baseline -0.001 -12"><span class='ocrx_word' id='word_1_42' title='bbox 602 661 784 702; x_wconf 60' lang='lat' dir='ltr'>sectionis</span> <span class='ocrx_word' id='word_1_43' title='bbox 805 663 908 702; x_wconf 86' lang='lat' dir='ltr'>ratio</span> <span class='ocrx_word' id='word_1_44' title='bbox 932 661 1120 714; x_wconf 86' lang='lat' dir='ltr'>sequens:</span> <span class='ocrx_word' id='word_1_45' title='bbox 1143 663 1181 701; x_wconf 66' lang='grc' dir='ltr'>ὅ(</span> <span class='ocrx_word' id='word_1_46' title='bbox 1204 663 1293 714; x_wconf 88' lang='lat' dir='ltr'>quia</span> <span class='ocrx_word' id='word_1_47' title='bbox 1320 663 1485 702; x_wconf 89' lang='lat' dir='ltr'>immor-</span> 
     </span>
     <span class='ocr_line' id='line_1_11' title="bbox 601 715 1487 769; baseline 0.001 -14"><span class='ocrx_word' id='word_1_48' title='bbox 601 716 673 756; x_wconf 89' lang='lat' dir='ltr'>tali</span> <span class='ocrx_word' id='word_1_49' title='bbox 703 718 817 769; x_wconf 89' lang='lat' dir='ltr'>operi</span> <span class='ocrx_word' id='word_1_50' title='bbox 858 718 965 769; x_wconf 89' lang='lat' dir='ltr'>quod</span> <span class='ocrx_word' id='word_1_51' title='bbox 1007 717 1055 756; x_wconf 92' lang='lat' dir='ltr'>de</span> <span class='ocrx_word' id='word_1_52' title='bbox 1093 715 1351 769; x_wconf 89' lang='lat' dir='ltr'>lepidopteris</span> <span class='ocrx_word' id='word_1_53' title='bbox 1397 729 1487 756; x_wconf 88' lang='lat' dir='ltr'>cum</span> 
     </span>
     <span class='ocr_line' id='line_1_12' title="bbox 602 771 1486 814; baseline 0.001 -3"><span class='ocrx_word' id='word_1_54' title='bbox 602 779 695 811; x_wconf 78' lang='lat' dir='ltr'>toto</span> <span class='ocrx_word' id='word_1_55' title='bbox 731 771 829 812; x_wconf 87' lang='lat' dir='ltr'>orbe</span> <span class='ocrx_word' id='word_1_56' title='bbox 870 772 1029 811; x_wconf 84' lang='lat' dir='ltr'>erudito</span> <span class='ocrx_word' id='word_1_57' title='bbox 1073 783 1095 810; x_wconf 91' lang='lat' dir='ltr'>a</span> <span class='ocrx_word' id='word_1_58' title='bbox 1135 784 1235 811; x_wconf 90' lang='lat' dir='ltr'>vero</span> <span class='ocrx_word' id='word_1_59' title='bbox 1279 771 1486 814; x_wconf 77' lang='lat' dir='ltr'>clarissimo</span> 
     </span>
     <span class='ocr_line' id='line_1_13' title="bbox 599 825 1488 879; baseline -0.001 -13"><span class='ocrx_word' id='word_1_60' title='bbox 599 825 757 878; x_wconf 76' lang='lat' dir='ltr'>Ignatc&#39;o</span> <span class='ocrx_word' id='word_1_61' title='bbox 791 825 1119 879; x_wconf 68' lang='lat' dir='ltr'>Schzffifrmullero</span> <span class='ocrx_word' id='word_1_62' title='bbox 1159 826 1236 866; x_wconf 80' lang='lat' dir='ltr'>sac.</span> <span class='ocrx_word' id='word_1_63' title='bbox 1271 825 1369 866; x_wconf 86' lang='lat' dir='ltr'>Caes.</span> <span class='ocrx_word' id='word_1_64' title='bbox 1402 839 1488 865; x_wconf 85' lang='lat' dir='ltr'>ma-</span> 
     </span>
     <span class='ocr_line' id='line_1_14' title="bbox 601 880 1489 935; baseline -0.001 -15"><span class='ocrx_word' id='word_1_65' title='bbox 601 881 749 935; x_wconf 83' lang='lat' dir='ltr'>jestatis</span> <span class='ocrx_word' id='word_1_66' title='bbox 775 881 999 922; x_wconf 78' lang='lat' dir='ltr'>consiliario</span> <span class='ocrx_word' id='word_1_67' title='bbox 1023 880 1263 934; x_wconf 86' lang='lat' dir='ltr'>collegiique</span> <span class='ocrx_word' id='word_1_68' title='bbox 1289 881 1459 921; x_wconf 90' lang='lat' dir='ltr'>Nordici</span> <span class='ocrx_word' id='word_1_69' title='bbox 1475 910 1489 930; x_wconf 85' lang='lat'>,</span> 
     </span>
     <span class='ocr_line' id='line_1_15' title="bbox 600 935 1491 989; baseline -0.002 -13"><span class='ocrx_word' id='word_1_70' title='bbox 600 938 711 989; x_wconf 88' lang='lat' dir='ltr'>quod</span> <span class='ocrx_word' id='word_1_71' title='bbox 730 937 859 976; x_wconf 89' lang='lat' dir='ltr'>Lincii</span> <span class='ocrx_word' id='word_1_72' title='bbox 886 935 966 981; x_wconf 89' lang='lat' dir='ltr'>est,</span> <span class='ocrx_word' id='word_1_73' title='bbox 1001 938 1257 976; x_wconf 83' lang='lat' dir='ltr'>moderatore</span> <span class='ocrx_word' id='word_1_74' title='bbox 1293 936 1491 988; x_wconf 62' lang='lat' dir='ltr'>expecto,</span> 
     </span>
     <span class='ocr_line' id='line_1_16' title="bbox 600 990 1483 1045; baseline -0.002 -14"><span class='ocrx_word' id='word_1_75' title='bbox 600 992 692 1031; x_wconf 83' lang='lat' dir='ltr'>addi</span> <span class='ocrx_word' id='word_1_76' title='bbox 737 991 835 1031; x_wconf 88' lang='lat' dir='ltr'>nihil</span> <span class='ocrx_word' id='word_1_77' title='bbox 870 990 978 1045; x_wconf 77' lang='lat' dir='ltr'>posse</span> <span class='ocrx_word' id='word_1_78' title='bbox 1014 990 1256 1037; x_wconf 83' lang='lat' dir='ltr'>existimem,</span> <span class='ocrx_word' id='word_1_79' title='bbox 1301 992 1483 1030; x_wconf 88' lang='lat' dir='ltr'>ordinem</span> 
     </span>
     <span class='ocr_line' id='line_1_17' title="bbox 602 1044 1488 1099; baseline 0 -13"><span class='ocrx_word' id='word_1_80' title='bbox 602 1045 712 1087; x_wconf 88' lang='lat' dir='ltr'>hunc</span> <span class='ocrx_word' id='word_1_81' title='bbox 753 1046 988 1088; x_wconf 61' lang='lat' dir='ltr'>inseffiiorum</span> <span class='ocrx_word' id='word_1_82' title='bbox 1037 1047 1203 1090; x_wconf 87' lang='lat' dir='ltr'>omnino</span> <span class='ocrx_word' id='word_1_83' title='bbox 1245 1044 1488 1099; x_wconf 74' lang='lat' dir='ltr'>praetermisi.</span> 
     </span>
     <span class='ocr_line' id='line_1_18' title="bbox 600 1101 893 1156; baseline 0.007 -16"><span class='ocrx_word' id='word_1_84' title='bbox 600 1101 746 1143; x_wconf 82' lang='lat' dir='ltr'>Enum.</span> <span class='ocrx_word' id='word_1_85' title='bbox 775 1103 893 1156; x_wconf 85' lang='lat' dir='ltr'>praef.</span> 
     </span>
    </p>
   </div>
   <div class='ocr_carea' id='block_1_3' title="bbox 217 1209 1494 1646">
    <p class='ocr_par' dir='ltr' id='par_1_3' title="bbox 217 1209 1490 1376">
     <span class='ocr_line' id='line_1_19' title="bbox 217 1209 1489 1268; baseline -0.006 -12"><span class='ocrx_word' id='word_1_86' title='bbox 217 1215 566 1268; x_wconf 76' lang='lat' dir='ltr'>Aldrovan-1072.</span> <span class='ocrx_word' id='word_1_87' title='bbox 597 1213 645 1253; x_wconf 86' lang='lat' dir='ltr'>P.</span> <span class='ocrx_word' id='word_1_88' title='bbox 676 1212 728 1251; x_wconf 91' lang='lat' dir='ltr'>T.</span> <span class='ocrx_word' id='word_1_89' title='bbox 759 1214 777 1263; x_wconf 91' lang='lat'>(</span> <span class='ocrx_word' id='word_1_90' title='bbox 803 1210 1136 1261; x_wconf 79' lang='lat' dir='ltr'>l’Aldrovande)</span> <span class='ocrx_word' id='word_1_91' title='bbox 1163 1209 1233 1250; x_wconf 90' lang='lat' dir='ltr'>alis</span> <span class='ocrx_word' id='word_1_92' title='bbox 1265 1209 1458 1250; x_wconf 78' lang='lat' dir='ltr'>violaceis</span> <span class='ocrx_word' id='word_1_93' title='bbox 1476 1239 1489 1259; x_wconf 75' lang='lat'>,</span> 
     </span>
     <span class='ocr_line' id='line_1_20' title="bbox 248 1264 1490 1317; baseline -0.005 -7"><span class='ocrx_word' id='word_1_94' title='bbox 248 1270 368 1311; x_wconf 80' lang='lat' dir='ltr'>della.</span> <span class='ocrx_word' id='word_1_95' title='bbox 604 1266 723 1307; x_wconf 88' lang='lat' dir='ltr'>fascia</span> <span class='ocrx_word' id='word_1_96' title='bbox 759 1266 848 1307; x_wconf 85' lang='lat' dir='ltr'>alba</span> <span class='ocrx_word' id='word_1_97' title='bbox 894 1267 936 1308; x_wconf 80' lang='lat' dir='ltr'>in</span> <span class='ocrx_word' id='word_1_98' title='bbox 971 1267 1103 1306; x_wconf 88' lang='lat' dir='ltr'>medio</span> <span class='ocrx_word' id='word_1_99' title='bbox 1128 1295 1141 1317; x_wconf 87' lang='lat'><strong>,</strong></span> <span class='ocrx_word' id='word_1_100' title='bbox 1175 1268 1359 1306; x_wconf 80' lang='lat' dir='ltr'>antennis</span> <span class='ocrx_word' id='word_1_101' title='bbox 1392 1264 1490 1305; x_wconf 89' lang='lat' dir='ltr'>lon-</span> 
     </span>
     <span class='ocr_line' id='line_1_21' title="bbox 603 1322 772 1376; baseline 0.012 -15"><span class='ocrx_word' id='word_1_102' title='bbox 603 1322 772 1376; x_wconf 78' lang='lat' dir='ltr'>gissimiS.</span> 
     </span>
    </p>

    <p class='ocr_par' dir='ltr' id='par_1_4' title="bbox 544 1376 1494 1646">
     <span class='ocr_line' id='line_1_22' title="bbox 549 1376 921 1430; baseline 0 -14"><span class='ocrx_word' id='word_1_103' title='bbox 549 1376 649 1416; x_wconf 72' lang='lat' dir='ltr'>Hah.</span> <span class='ocrx_word' id='word_1_104' title='bbox 677 1377 716 1416; x_wconf 82' lang='grc' dir='ltr'>ἱη</span> <span class='ocrx_word' id='word_1_105' title='bbox 747 1379 921 1430; x_wconf 80' lang='lat' dir='ltr'>Europa.</span> 
     </span>
     <span class='ocr_line' id='line_1_23' title="bbox 544 1429 1494 1482; baseline 0.001 -13"><span class='ocrx_word' id='word_1_106' title='bbox 544 1432 662 1481; x_wconf 83' lang='lat' dir='ltr'>Dese.</span> <span class='ocrx_word' id='word_1_107' title='bbox 699 1431 792 1470; x_wconf 83' lang='lat' dir='ltr'>Alae</span> <span class='ocrx_word' id='word_1_108' title='bbox 829 1446 965 1470; x_wconf 81' lang='lat' dir='ltr'>ornnes</span> <span class='ocrx_word' id='word_1_109' title='bbox 1008 1430 1144 1470; x_wconf 85' lang='lat' dir='ltr'>subtus</span> <span class='ocrx_word' id='word_1_110' title='bbox 1187 1429 1304 1470; x_wconf 84' lang='lat' dir='ltr'>fuscae</span> <span class='ocrx_word' id='word_1_111' title='bbox 1327 1459 1341 1479; x_wconf 88' lang='lat'>‚</span> <span class='ocrx_word' id='word_1_112' title='bbox 1381 1429 1494 1482; x_wconf 84' lang='lat' dir='ltr'>apice</span> 
     </span>
     <span class='ocr_line' id='line_1_24' title="bbox 600 1484 1486 1538; baseline -0.001 -13"><span class='ocrx_word' id='word_1_113' title='bbox 600 1487 713 1526; x_wconf 79' lang='lat' dir='ltr'>albae.</span> <span class='ocrx_word' id='word_1_114' title='bbox 755 1488 799 1525; x_wconf 95' lang='lat' dir='ltr'>In</span> <span class='ocrx_word' id='word_1_115' title='bbox 837 1485 1031 1525; x_wconf 90' lang='lat' dir='ltr'>honorem</span> <span class='ocrx_word' id='word_1_116' title='bbox 1071 1486 1327 1538; x_wconf 80' lang='lat' dir='ltr'>infatigabilis</span> <span class='ocrx_word' id='word_1_117' title='bbox 1365 1484 1486 1524; x_wconf 85' lang='lat' dir='ltr'>labo-</span> 
     </span>
     <span class='ocr_line' id='line_1_25' title="bbox 598 1539 1492 1593; baseline -0.004 -12"><span class='ocrx_word' id='word_1_118' title='bbox 598 1542 767 1593; x_wconf 77' lang='lat' dir='ltr'>riosique</span> <span class='ocrx_word' id='word_1_119' title='bbox 794 1540 1049 1581; x_wconf 72' lang='lat' dir='ltr'>Aldrovandi</span> <span class='ocrx_word' id='word_1_120' title='bbox 1068 1570 1080 1588; x_wconf 94' lang='lat'>,</span> <span class='ocrx_word' id='word_1_121' title='bbox 1122 1539 1233 1592; x_wconf 84' lang='lat' dir='ltr'>cujus</span> <span class='ocrx_word' id='word_1_122' title='bbox 1275 1539 1456 1578; x_wconf 75' lang='lat' dir='ltr'>musaeum</span> <span class='ocrx_word' id='word_1_123' title='bbox 1478 1568 1492 1588; x_wconf 84' lang='lat'>,</span> 
     </span>
     <span class='ocr_line' id='line_1_26' title="bbox 605 1593 1491 1646; baseline -0.001 -11"><span class='ocrx_word' id='word_1_124' title='bbox 605 1593 970 1644; x_wconf 68' lang='lat' dir='ltr'>Bononiae,&#39;etiam</span> <span class='ocrx_word' id='word_1_125' title='bbox 996 1594 1117 1635; x_wconf 86' lang='lat' dir='ltr'>hodie</span> <span class='ocrx_word' id='word_1_126' title='bbox 1145 1598 1324 1636; x_wconf 85' lang='lat' dir='ltr'>viatores</span> <span class='ocrx_word' id='word_1_127' title='bbox 1346 1594 1491 1646; x_wconf 81' lang='lat' dir='ltr'>stupet.</span> 
     </span>
    </p>
   </div>
   <div class='ocr_carea' id='block_1_4' title="bbox 221 1702 1492 1979">
    <p class='ocr_par' dir='ltr' id='par_1_5' title="bbox 221 1702 1492 1979">
     <span class='ocr_line' id='line_1_27' title="bbox 221 1702 1492 1768; baseline -0.006 -17"><span class='ocrx_word' id='word_1_128' title='bbox 221 1707 437 1764; x_wconf 79' lang='lat' dir='ltr'>Esperella.</span> <span class='ocrx_word' id='word_1_129' title='bbox 453 1716 573 1760; x_wconf 84' lang='lat'>1073.</span> <span class='ocrx_word' id='word_1_130' title='bbox 606 1707 653 1746; x_wconf 86' lang='lat' dir='ltr'>P.</span> <span class='ocrx_word' id='word_1_131' title='bbox 683 1707 734 1746; x_wconf 90' lang='grc' dir='ltr'>Τ.</span> <span class='ocrx_word' id='word_1_132' title='bbox 765 1707 784 1757; x_wconf 85' lang='grc'><strong>(</strong></span> <span class='ocrx_word' id='word_1_133' title='bbox 809 1704 988 1768; x_wconf 86' lang='lat' dir='ltr'>l&#39;Esper)</span> <span class='ocrx_word' id='word_1_134' title='bbox 1011 1704 1084 1744; x_wconf 89' lang='lat' dir='ltr'>alis</span> <span class='ocrx_word' id='word_1_135' title='bbox 1113 1704 1344 1758; x_wconf 83' lang='lat' dir='ltr'>argenteis,</span> <span class='ocrx_word' id='word_1_136' title='bbox 1364 1702 1492 1744; x_wconf 82' lang='lat' dir='ltr'>fasciis</span> 
     </span>
     <span class='ocr_line' id='line_1_28' title="bbox 549 1760 938 1868; baseline -0.01 -11"><span class='ocrx_word' id='word_1_137' title='bbox 549 1760 938 1868; x_wconf 47' lang='lat' dir='ltr'>Ha‘l‘ffssuiqfforssssf&#39;</span> 
     </span>
     <span class='ocr_line' id='line_1_29' title="bbox 547 1868 1490 1921; baseline -0.003 -10"><span class='ocrx_word' id='word_1_138' title='bbox 547 1871 663 1921; x_wconf 80' lang='lat' dir='ltr'>Dese.</span> <span class='ocrx_word' id='word_1_139' title='bbox 711 1873 840 1910; x_wconf 86' lang='lat' dir='ltr'>Parva</span> <span class='ocrx_word' id='word_1_140' title='bbox 890 1871 929 1913; x_wconf 87' lang='lat'>&amp;</span> <span class='ocrx_word' id='word_1_141' title='bbox 971 1869 1145 1910; x_wconf 84' lang='lat' dir='ltr'>linearis.</span> <span class='ocrx_word' id='word_1_142' title='bbox 1197 1872 1240 1909; x_wconf 92' lang='lat' dir='ltr'>In</span> <span class='ocrx_word' id='word_1_143' title='bbox 1293 1868 1490 1910; x_wconf 85' lang='lat' dir='ltr'>honorem</span> 
     </span>
     <span class='ocr_line' id='line_1_30' title="bbox 607 1925 1383 1979; baseline -0.003 -13"><span class='ocrx_word' id='word_1_144' title='bbox 607 1926 666 1967; x_wconf 90' lang='lat' dir='ltr'>D.</span> <span class='ocrx_word' id='word_1_145' title='bbox 694 1925 829 1978; x_wconf 70' lang='lat' dir='ltr'>Esperi</span> <span class='ocrx_word' id='word_1_146' title='bbox 851 1938 974 1979; x_wconf 82' lang='lat' dir='ltr'>opere</span> <span class='ocrx_word' id='word_1_147' title='bbox 998 1926 1190 1978; x_wconf 86' lang='lat' dir='ltr'>lepidopt.</span> <span class='ocrx_word' id='word_1_148' title='bbox 1214 1926 1383 1978; x_wconf 84' lang='lat' dir='ltr'>cogniti.</span> 
     </span>
    </p>
   </div>
   <div class='ocr_carea' id='block_1_5' title="bbox 219 2029 1494 2202">
    <p class='ocr_par' dir='ltr' id='par_1_6' title="bbox 219 2029 1494 2202">
     <span class='ocr_line' id='line_1_31' title="bbox 219 2029 1492 2093; baseline -0.007 -11"><span class='ocrx_word' id='word_1_149' title='bbox 219 2037 424 2083; x_wconf 77' lang='lat' dir='ltr'>Admirel-</span> <span class='ocrx_word' id='word_1_150' title='bbox 447 2046 570 2093; x_wconf 86' lang='lat'>1074.</span> <span class='ocrx_word' id='word_1_151' title='bbox 603 2038 647 2076; x_wconf 86' lang='lat' dir='ltr'>P.</span> <span class='ocrx_word' id='word_1_152' title='bbox 677 2029 728 2076; x_wconf 83' lang='lat' dir='ltr'>T.</span> <span class='ocrx_word' id='word_1_153' title='bbox 763 2037 780 2086; x_wconf 93' lang='lat'><strong>(</strong></span> <span class='ocrx_word' id='word_1_154' title='bbox 807 2034 1015 2076; x_wconf 84' lang='lat' dir='ltr'>l&#39;Admiral</span> <span class='ocrx_word' id='word_1_155' title='bbox 1041 2036 1058 2085; x_wconf 92' lang='lat'>)</span> <span class='ocrx_word' id='word_1_156' title='bbox 1105 2034 1177 2074; x_wconf 87' lang='lat' dir='ltr'>alis</span> <span class='ocrx_word' id='word_1_157' title='bbox 1226 2033 1492 2087; x_wconf 83' lang='lat' dir='ltr'>superioribus</span> 
     </span>
     <span class='ocr_line' id='line_1_32' title="bbox 256 2090 1494 2151; baseline -0.002 -19"><span class='ocrx_word' id='word_1_158' title='bbox 256 2106 297 2137; x_wconf 70' lang='lat' dir='ltr'>a,</span> <span class='ocrx_word' id='word_1_159' title='bbox 600 2092 640 2131; x_wconf 90' lang='lat' dir='ltr'>in</span> <span class='ocrx_word' id='word_1_160' title='bbox 670 2092 803 2133; x_wconf 80' lang='lat' dir='ltr'>medio</span> <span class='ocrx_word' id='word_1_161' title='bbox 840 2091 1068 2132; x_wconf 86' lang='lat' dir='ltr'>rubicundis</span> <span class='ocrx_word' id='word_1_162' title='bbox 1091 2119 1121 2151; x_wconf 29' lang='lat'>‚⁸</span> <span class='ocrx_word' id='word_1_163' title='bbox 1144 2090 1289 2144; x_wconf 57' lang='lat' dir='ltr'>puncto</span> <span class='ocrx_word' id='word_1_164' title='bbox 1335 2092 1452 2143; x_wconf 86' lang='lat' dir='ltr'>nigro</span> <span class='ocrx_word' id='word_1_165' title='bbox 1481 2118 1494 2139; x_wconf 89' lang='lat'>,</span> 
     </span>
     <span class='ocr_line' id='line_1_33' title="bbox 602 2146 1264 2202; baseline 0.002 -17"><span class='ocrx_word' id='word_1_166' title='bbox 602 2148 780 2202; x_wconf 82' lang='lat' dir='ltr'>margine</span> <span class='ocrx_word' id='word_1_167' title='bbox 808 2146 1003 2186; x_wconf 86' lang='lat' dir='ltr'>exteriori</span> <span class='ocrx_word' id='word_1_168' title='bbox 1038 2154 1264 2198; x_wconf 81' lang='lat' dir='ltr'>variegato.</span> 
     </span>
    </p>
   </div>
   <div class='ocr_carea' id='block_1_6' title="bbox 547 2203 1484 2308">
    <p class='ocr_par' dir='ltr' id='par_1_7' title="bbox 547 2203 1484 2308">
     <span class='ocr_line' id='line_1_34' title="bbox 547 2203 926 2253; baseline -0.005 -11"><span class='ocrx_word' id='word_1_169' title='bbox 547 2203 646 2243; x_wconf 79' lang='lat' dir='ltr'>Hah.</span> <span class='ocrx_word' id='word_1_170' title='bbox 676 2204 716 2241; x_wconf 84' lang='lat' dir='ltr'>in</span> <span class='ocrx_word' id='word_1_171' title='bbox 753 2204 926 2253; x_wconf 81' lang='lat' dir='ltr'>Europa.</span> 
     </span>
     <span class='ocr_line' id='line_1_35' title="bbox 549 2252 1484 2308; baseline -0.005 -10"><span class='ocrx_word' id='word_1_172' title='bbox 549 2259 665 2308; x_wconf 79' lang='lat' dir='ltr'>Desc.</span> <span class='ocrx_word' id='word_1_173' title='bbox 699 2258 841 2297; x_wconf 83' lang='lat' dir='ltr'>Parva.</span> <span class='ocrx_word' id='word_1_174' title='bbox 856 2255 951 2294; x_wconf 75' lang='lat' dir='ltr'>Alce</span> <span class='ocrx_word' id='word_1_175' title='bbox 965 2255 1174 2307; x_wconf 79' lang='lat' dir='ltr'>inferiores</span> <span class='ocrx_word' id='word_1_176' title='bbox 1193 2254 1326 2294; x_wconf 89' lang='lat' dir='ltr'>subtus</span> <span class='ocrx_word' id='word_1_177' title='bbox 1350 2252 1484 2294; x_wconf 83' lang='lat' dir='ltr'>fuscae.</span> 
     </span>
    </p>
   </div>
   <div class='ocr_carea' id='block_1_7' title="bbox 599 2309 1491 2412">
    <p class='ocr_par' dir='ltr' id='par_1_8' title="bbox 599 2309 1491 2412">
     <span class='ocr_line' id='line_1_36' title="bbox 599 2309 1491 2365; baseline -0.003 -14"><span class='ocrx_word' id='word_1_178' title='bbox 599 2316 644 2352; x_wconf 84' lang='lat' dir='ltr'>In</span> <span class='ocrx_word' id='word_1_179' title='bbox 659 2312 867 2365; x_wconf 55' lang='lat' dir='ltr'>{honorem</span> <span class='ocrx_word' id='word_1_180' title='bbox 890 2310 948 2350; x_wconf 89' lang='lat' dir='ltr'>D.</span> <span class='ocrx_word' id='word_1_181' title='bbox 966 2310 1193 2350; x_wconf 81' lang='lat' dir='ltr'>Admiralis</span> <span class='ocrx_word' id='word_1_182' title='bbox 1215 2309 1327 2363; x_wconf 84' lang='lat' dir='ltr'>cujus</span> <span class='ocrx_word' id='word_1_183' title='bbox 1351 2311 1491 2353; x_wconf 69' lang='lat' dir='ltr'>icones</span> 
     </span>
     <span class='ocr_line' id='line_1_37' title="bbox 608 2364 1134 2412; baseline -0.004 -4"><span class='ocrx_word' id='word_1_184' title='bbox 608 2368 714 2412; x_wconf 70' lang='lat' dir='ltr'>vivis</span> <span class='ocrx_word' id='word_1_185' title='bbox 740 2364 946 2408; x_wconf 72' lang='lat' dir='ltr'>coloribus</span> <span class='ocrx_word' id='word_1_186' title='bbox 973 2364 1134 2407; x_wconf 83' lang='lat' dir='ltr'>fucatae.</span> 
     </span>
    </p>
   </div>
  </div>
 </body>
</html>
