1624 2937
528 181 944 222 SYNoPs1s.

256 292 313 334 D.
346 289 558 345 Geoffivyi.

38 435 46 439 -
94 404 352 459 S'pz‘ri'lingues
398 400 470 440 alis
513 399 694 452 patenti-

146 463 216 502 bus
235 488 246 505 ‚
296 457 456 510 primam
509 454 694 493 familiam

147 516 350 555 claudunt.
380 514 422 549 In
444 510 613 548 secunda
636 508 695 547 fa-

117 576 120 577 ’
145 570 251 609 milia
272 568 366 606 alias
383 564 580 617 phalaenas
592 577 696 615 prae-

146 625 293 663 cedunt
337 620 525 673 phalaenae
565 619 693 668 spiri-

147 679 298 730 lingues
325 676 395 716 alis
422 674 664 728 patentibus.

110 955 211 1003 PH.
263 952 302 991 A
353 948 674 991 CHAPPE.

99 1063 190 1113 Obs.
225 1073 260 1101 1.
300 1065 451 1101 Notam
488 1059 694 1099 charaste-

139 1118 306 1159 risticam
317 1116 484 1169 agnovit
499 1114 550 1153 D.
567 1112 690 1166 Geoffi

143 1173 208 1213 sed
264 1171 443 1224 neglexit
502 1170 539 1210 &
587 1169 692 1208 inter

140 1227 247 1279 phal.
276 1227 458 1264 tortrices
487 1224 693 1275 reperiun-

142 1293 222 1321 tur.
250 1280 463 1320 Charaeter
492 1277 694 1317 nihilomi-

139 1349 214 1375 nus
267 1336 418 1373 lucidus
469 1333 557 1380 est,
619 1332 688 1371 etsi

137 1390 349 1442 aliquoties
401 1387 486 1426 haec
539 1386 688 1424 alarum

138 1445 323 1484 strueiura
362 1442 489 1480 minus
516 1439 687 1494 magisve

137 1499 183 1538 sit
211 1496 441 1550 conspicua.

80 1608 168 1659 Obs.
199 1620 239 1648 2.
269 1611 312 1648 In
350 1606 533 1647 omnibus
566 1604 639 1644 alae
667 1635 681 1654 ,

131 1665 291 1703 ratione
311 1661 555 1709 latitudinis,
582 1659 681 1699 bre-

130 1731 202 1758 ves
229 1718 329 1757 sunt.
351 1717 414 1756 Sic
443 1717 551 1754 tinea
585 1714 681 1753 dor·—

125 1774 226 1823 sana
285 1771 341 1811 D.
400 1769 522 1823 Geoffi
575 1769 680 1808 inter

131 1826 318 1868 tortrices
347 1825 603 1868 numeranda.
625 1826 677 1867 V.

1279 191 1353 235 551

919 289 976 330 D.
1006 289 1190 332 Fabricii.

887 399 1087 440 Antennae
1104 401 1308 445 filiformes
1326 405 1355 446 s⁹

807 455 983 494 articulis
1009 456 1184 508 plurimis
1219 460 1358 500 brevi-

806 511 879 550 bus
907 540 918 558 ‚
983 511 1229 562 aequalibus,
1283 515 1358 554 ob-

805 563 942 604 soletis
964 594 976 613 ,
1020 565 1131 606 larva
1177 578 1358 608 viu-x-

834 621 923 658 oda.

749 633 863 713 Orlsslo
876 685 910 713 Ι.
924 674 1123 714 Antennae
1134 677 1356 728 pefflnataee

881 740 905 769 2
910 758 1129 772 ......
1149 732 1328 774 setaceae.

795 950 1307 993 PYRALIDES.

752 1059 891 1109 Palpi,
912 1060 1130 1101 nudiusculi
1147 1093 1159 1110 ,
1179 1062 1255 1102 bafi
1279 1076 1354 1116 cy-

803 1114 960 1155 lindrici
980 1145 991 1164 ,
1010 1118 1140 1156 medio
1157 1118 1352 1158 dilatato-²²

803 1171 945 1218 ovam,
977 1172 1089 1222 apice
1118 1171 1304 1213 subulati.

749 1223 899 1274 Lingua
925 1225 1239 1267 membranacea.

749 1279 950 1318 Antennae
970 1279 1150 1320 setaceae.

744 1333 878 1373 Larva
914 1332 1125 1385 16-poda‚
1171 1335 1351 1387 plerum-

799 1401 876 1439 que
926 1389 1030 1427 intra
1080 1390 1277 1429 cucullum
1326 1405 1350 1431 e

800 1442 906 1482 foliis
933 1442 1154 1496 plantarum
1182 1455 1352 1485 contor-

799 1498 851 1537 tis
873 1497 948 1537 filis
970 1498 1224 1550 paucioribus
1251 1513 1351 1540 con-

800 1554 913 1593 nexis
944 1553 1087 1592 latens.
1201 1602 1209 1606 ἡ

740 1605 829 1656 Obs.
848 1608 1056 1660 Pyralidis
1080 1621 1225 1648 nomen
1257 1623 1347 1650 tor-

792 1663 954 1702 tricibus
998 1662 1161 1714 System.
1214 1674 1347 1704 trans-

791 1717 885 1756 tulit
921 1719 978 1756 De
1008 1717 1100 1757 Fab.
1131 1719 1235 1758 ratio
1262 1733 1347 1760 non

790 1780 931 1825 patet,
978 1785 1096 1824 quum
1137 1775 1343 1814 nominum

790 1826 1009 1866 trivialium
1086 1829 1342 1869 terminatio-

778 1895 882 1923 nem
909 1895 986 1920 ana
1011 1881 1338 1934 conservaverit;

788 1936 870 1989 ipse
904 1937 1009 1976 enim
1033 1935 1174 1976 clariss.
1207 1940 1341 1979 Ento-

789 1991 974 2045 mologus
1001 1990 1107 2030 hunc
1144 2005 1339 2034 canonem

790 2045 935 2099 posuit.
967 2045 1111 2085 Omnes
1140 2049 1337 2087 nominum

791 2102 1032 2141 mutationes
1067 2103 1199 2151 ansbm
1227 2119 1341 2154 prce-2

791 2157 883 2196 bent
929 2157 1175 2209 confusionis.
1238 2157 1340 2196 Ma-

790 2222 906 2249 neam
925 2211 1006 2250 ideo
1020 2241 1031 2259 ‚
1049 2212 1201 2263 nisisint
1216 2214 1337 2251 noxia

790 2277 859 2305 aut
899 2267 1094 2315 abfizrda,
1146 2269 1252 2318 quod
1294 2268 1336 2306 iu

790 2319 882 2367 casu
918 2320 1099 2373 praesenti
1139 2334 1220 2362 non
1260 2323 1335 2362 ado

793 2375 895 2414 mitti
922 2374 1062 2430 potest.
1084 2376 1137 2416 V.

996 2485 1043 2524 M
1058 2497 1091 2523 m
1122 2485 1162 2527 iv
