1624 2937
307 165 395 219 358
452 165 700 208 lusam-A
729 168 1156 207 LEPIDOPTERA.
1175 167 1444 209 Phal.Geom.

700 289 813 328 quam
844 278 926 315 vidi
956 277 1024 316 has
1065 278 1196 316 larvas
1227 277 1470 332 ferrugineas
1505 308 1517 326 ‚
1538 288 1580 317 ut

697 333 856 371 notavit
893 331 946 369 D.
981 332 1071 369 Fab.
1109 335 1286 371 Foemina
1319 333 1401 371 fere
1429 342 1579 384 apterau

699 385 916 438 Singularis
943 386 1090 438 species
1118 400 1203 438 quae
1235 388 1439 426 arboribus
1466 385 1583 427 defo-

695 439 799 478 liatis
820 442 961 479 editur.
983 444 1090 479 lnter
1108 440 1262 480 infestas
1276 472 1288 488 ‚
1309 451 1352 479 ut
1370 442 1582 492 chryslzor-

696 508 788 543 reaj
811 496 970 544 neustria
992 496 1191 548 disparque
1206 526 1219 542 ‚
1255 497 1507 534 numeranda.
1524 498 1577 535 V.

345 601 513 647 festam,
547 610 636 654 555.
667 606 712 643 P.
743 605 791 642 G.
827 605 843 650 (
870 602 1117 655 l'indiquee)
1149 604 1383 652 seficornis,
1415 602 1484 643 alis
1510 603 1579 642 su-

698 658 923 709 perioribus
948 658 1281 706 flavescentibus,
1308 658 1458 696 macula
1488 658 1579 709 pal-

696 713 774 750 lida
802 711 915 764 striga
953 712 1041 752 alba
1069 713 1294 764 lineolaque
1320 713 1441 764 apicis
1475 712 1576 751 alba.

643 766 747 805 Hah.
776 767 814 804 in
843 769 1016 818 Europa.

642 820 756 869 Defi.
795 821 1029 871 Majuscula.
1070 820 1165 859 Αἶα
1191 822 1411 870 fitperiores
1440 819 1579 859 colore

698 877 975 915 cinnamomeo
997 891 1007 924 ;
1046 876 1086 915 in
1123 876 1324 915 anteriore
1346 874 1405 913 ala
1426 875 1577 914 macula

696 943 821 969 curva
851 932 1067 982 marginem
1108 931 1347 969 exteriorem
1379 938 1578 982 tangens:

695 985 737 1022 in
785 985 1000 1035 posteriore
1054 984 1168 1037 striga
1222 983 1350 1022 albida
1402 984 1577 1022 exterius

694 1038 798 1079 reela
820 1066 832 1083 ,
867 1040 1031 1083 interius
1061 1051 1183 1079 curva
1202 1066 1214 1084 ,
1255 1037 1431 1083 lineola,
1469 1046 1513 1076 ut
1540 1038 1579 1077 in

696 1094 976 1142 clzetzopodiata
1001 1123 1013 1140 ,
1071 1095 1120 1133 ad
1161 1093 1309 1144 apicem
1350 1093 1421 1131 alae
1449 1120 1461 1137 ,
1513 1091 1579 1131 sed

696 1147 784 1186 alba
808 1178 819 1195 ‚
868 1150 930 1187 cui
966 1147 1121 1200 adjacet
1168 1147 1320 1186 macula
1354 1147 1579 1186 saturatior.

695 1201 845 1240 Subtus
883 1204 954 1241 alae
1005 1202 1188 1254 pallidae,
1219 1202 1363 1253 Ρυηὲὶο
1411 1200 1579 1240 centrali

692 1257 810 1309 nigro
825 1258 861 1297 ὅ(
881 1270 972 1296 arcu
991 1256 1257 1304 fuscescente‚
1276 1256 1340 1294 sed
1357 1269 1407 1295 ex
1425 1255 1574 1294 duabus

691 1309 817 1364 strigis
844 1311 1062 1353 constante.
1091 1311 1216 1353 Faun.
1239 1310 1358 1349 1262.

347 1417 516 1467 Cirrata.
552 1418 642 1470 556.
673 1421 718 1459 P.
751 1421 799 1459 G.
835 1422 928 1470 (du
966 1421 1198 1470 citronier)
1235 1419 1470 1467 sericornis‚
1505 1419 1576 1458 alis

696 1474 832 1527 griseis
850 1505 861 1523 ‚
882 1475 1032 1514 macula
1061 1474 1327 1514 subterminali
1352 1472 1577 1513 albo-fulva

693 1529 886 1580 strigaque
921 1529 1007 1568 alba
1027 1559 1038 1577 ,
1068 1531 1188 1581 apicis
1215 1529 1362 1568 lineola
1388 1528 1507 1568 fusca.

639 1583 737 1622 Hah.
756 1585 794 1621 in
807 1583 908 1622 foliis
919 1585 1006 1623 citri
1021 1613 1029 1628 ‚
1043 1597 1127 1634 quae
1141 1584 1257 1623 ηοξὶιι
1275 1584 1429 1622 edebat.
1449 1586 1575 1622 Larva

695 1649 898 1691 geometra
918 1637 1283 1690 viridi-pallescens.
1302 1638 1515 1677 Rolander.

637 1692 754 1742 Dese,
803 1694 1043 1746 Magnitudo
1093 1692 1197 1745 phal.
1239 1694 1434 1744 piniariae.
1480 1693 1575 1731 Ala·

683 1748 902 1798 superiores
927 1746 1038 1798 supra
1066 1747 1229 1800 griseae3
1257 1747 1366 1799 juxta
1389 1748 1576 1799 marginis

689 1802 882 1842 craffioris
910 1802 1056 1853 postica
1073 1832 1085 1850 ‚
1117 1802 1267 1842 macula
1286 1815 1424 1854 magna
1445 1802 1575 1840 albida

694 1856 840 1909 postice
872 1856 1095 1908 ferruginea
1115 1886 1125 1902 ,
1155 1856 1268 1908 quam
1294 1857 1440 1908 excipit
1459 1856 1576 1908 striga

693 1911 781 1950 alba
804 1911 1017 1951 tenuiffima
1050 1911 1268 1960 undulara3
1305 1912 1343 1950 in
1376 1911 1486 1962 apice
1504 1911 1575 1948 alae

694 1965 812 2004 litura
839 1966 997 2004 linearis
1035 1967 1161 2019 nigra.
1202 1965 1346 2004 subtus
1376 1969 1545 2005 cinereae
1558 1994 1580 2014 ,¹

692 2020 840 2072 pollice
868 2020 1110 2073 pallidiores.
1141 2019 1266 2060 Faun.
1291 2020 1408 2066 1265.

314 2129 505 2174 Liturata.
541 2135 630 2182 557.
660 2131 706 2169 P.
739 2131 788 2168 G.
823 2128 1074 2179 (l‘effacee)
1113 2129 1342 2176 seticornis‚
1379 2128 1448 2166 alis
1482 2127 1571 2166 sub-

695 2184 892 2237 angulatis
925 2183 1258 2223 cinerascentibus
1282 2214 1293 2231 ‚
1328 2184 1443 2221 litura
1482 2181 1571 2235 pos-

693 2240 772 2278 tica
800 2238 900 2277 flava
919 2269 928 2286 ,
962 2241 1071 2290 apice
1099 2238 1230 2277 subtus
1258 2238 1459 2277 dealbatis.

639 2293 787 2332 Clerclc.
811 2294 923 2343 plzal.
962 2306 990 2333 τ.
1026 2298 1063 2332 ὁ.
1089 2295 1128 2346 f.
1153 2294 1191 2333 6.

638 2348 738 2388 Hal).
769 2348 950 2399 Upl'aliae.
983 2346 1071 2387 Jolz.
1100 2349 1312 2397 Afiromer.

637 2402 754 2453 Dese.
769 2402 1021 2444 Media.Alae
1029 2404 1251 2456 Jitperiores
1267 2400 1572 2448 cinerascentes„
