1782 2952
396 139 1112 206 .PRAEFATIO.
1321 141 1408 207 xiii

147 232 330 303 ligneis
352 225 600 294 congestae
631 223 819 291 species
841 223 1048 290 poduris
1081 242 1420 290 exponuntur.

154 315 439 372 Periculum
460 334 561 368 non
586 309 815 366 imminet
836 345 849 368 ‚
885 309 969 363 sed
994 307 1246 375 pauliatim
1265 308 1427 377 Lepi-

157 403 372 467 doptera
404 395 614 463 squamis
652 392 937 462 spoliantur.
994 390 1293 456 Camphora
1324 390 1427 445 ini-

160 484 323 539 micos
359 498 464 536 non
503 479 640 548 pellit
677 516 689 539 ,
742 477 1002 532 efficacior
1034 497 1195 543 vapor
1227 478 1429 544 suiphu-

163 587 282 625 reus
312 606 326 625 ,
369 562 540 621 hostes
580 579 728 621 necat
756 599 769 624 ‚
819 561 903 617 sed
943 563 1149 616 colores
1189 562 1431 628 quosdam

162 649 429 717 extinguit.

250 733 446 791 Nostra
505 728 607 783 haec
675 727 1071 784 conservationis
1125 730 1397 788 methodus
1418 775 1439 798 ‚

170 817 410 875 omnibus
439 813 544 869 aliis
571 811 690 867 mihi
723 811 937 879 cognitis
959 849 973 871 ‚
1010 811 1163 868 etiam
1185 813 1440 872 Entomo·

173 904 411 968 rogorum
470 895 837 951 hodiernorum
871 893 1107 962 principis
1156 896 1239 950 D.
1278 895 1444 957 Faba„

175 985 344 1043 utilior
366 981 600 1038 videtur,
634 992 688 1032 ut
719 997 789 1031 ex
819 976 1142 1041 sequentibus
1171 979 1380 1045 patebit.

259 1064 511 1124 Infestum
563 1061 615 1117 in
666 1058 871 1128 Musaeo
924 1061 1056 1116 bene
1123 1066 1448 1121 observatum

183 1149 376 1223 praestat
398 1147 537 1205 omni
558 1143 706 1198 icone
724 1182 740 1207 2
772 1143 1098 1199 neceffarium
1124 1148 1262 1202 omni
1286 1149 1453 1206 Euro-

186 1237 413 1301 mologo.

252 1318 642 1376 Conservantur
673 1308 857 1365 inse&a
888 1325 972 1365 aut
999 1310 1128 1367 ficca
1160 1331 1245 1370 aut
1264 1324 1461 1384 pertusa

193 1404 246 1459 in
279 1399 413 1457 cistis
437 1417 556 1453 cera
592 1399 646 1451 ὅ(
674 1395 1034 1451 terebenthino
1067 1400 1383 1461 obducendis
1408 1411 1465 1467 δε

195 1485 329 1541 vitro
361 1486 501 1539 claro
537 1481 783 1549 tegendis,

270 1569 546 1634 Nunquam
596 1567 799 1623 humida
853 1567 988 1625 cistis
1041 1573 1301 1632 inserenda
1335 1620 1354 1644 ,
1400 1601 1468 1637 ne

202 1653 372 1709 oleosa
402 1650 635 1707 evadant.

305 1736 392 1872 ΞΜ
453 1738 751 1792 methodum
814 1740 1231 1811 qualemcumque
1301 1747 1474 1816 dispo-

210 1839 311 1877 nen
351 1839 393 1872 a.

217 1989 251 2042 b
296 1901 510 2041 Ndomen
558 1904 852 1971 genericum
900 1909 955 1963 ὃς
1002 1912 1287 1977 specificum
1334 1918 1479 1973 adhi-

255 2007 318 2042 en
359 2007 399 2040 a.

288 2067 575 2135 Aliquoties
614 2068 743 2124 cistae
791 2094 910 2129 aere
951 2078 1131 2133 sereno
1170 2082 1482 2150 aperiendae,

222 2176 287 2212 ne
321 2173 534 2208 mucore
570 2167 803 2218 tegantur
836 2155 1035 2214 inseeta„

304 2237 410 2292 Aut
440 2233 648 2288 humida
681 2234 732 2290 in
767 2235 911 2292 vitris
937 2240 1105 2306 spiritu
1134 2244 1238 2299 vini
1276 2251 1490 2316 repletis.

294 2319 446 2374 Vitra
465 2319 558 2374 fint
581 2317 791 2374 omnino
824 2321 1021 2387 hyalina
1055 2331 1298 2392 operculo
1325 2334 1492 2392 vitreo

235 2402 410 2459 exaste
441 2404 636 2471 clausa,
670 2425 733 2462 ne
766 2407 938 2462 evolet
969 2407 1184 2475 spiritus.
