1624 2937
233 89 319 141 ‘5⁹10
373 89 619 131 Iuszcra
654 72 1388 136 LEPIDOPTERAAEbaLTineae?

617 200 775 251 Posticae
803 199 916 254 supra
940 200 1109 243 obscure
1130 203 1326 246 violaceae
1341 236 1352 254 ,
1376 204 1512 245 subtus

619 255 743 296 limbo
776 258 1086 298 aurato-viridi.
1119 260 1246 299 Sexus
1286 261 1392 300 alter
1433 274 1512 299 an-

620 312 755 351 tennis
778 311 862 352 fere
890 312 1112 352 uncialibus
1131 345 1142 363 ,
1173 315 1313 354 albidis
1333 346 1345 365 ,
1362 315 1512 366 peaore

618 366 805 408 barbato.
846 367 937 407 Alae
972 367 1107 408 subtus
1140 370 1408 411 obscuriores.

234 479 450 522 Barbatel-
474 478 569 536 998.
599 481 646 520 P.
676 480 727 518 T.
761 480 779 530 (
800 477 836 517 la
859 478 1042 529 barbue)
1068 479 1138 518 alis
1167 482 1309 521 anticis
1330 481 1508 534 glaucis,

257 536 310 579 la.
480 576 484 580 ,
618 534 988 586 aurato-punclatis
1008 563 1019 579 ‚
1045 537 1230 576 antennis
1252 536 1323 577 alis
1348 537 1513 591 longio-

618 590 760 638 ribus,
795 590 908 642 apice
944 588 1098 630 albidis.

563 645 668 685 Hah.
721 646 761 684 in
804 644 974 684 collibus
1025 646 1239 697 gramineis
1289 646 1507 687 Carnioliae

617 701 859 753 Superioris.
885 702 929 739 In
951 700 1096 740 Gallia.
1120 703 1251 755 Prope
1272 704 1509 757 Lugdunum

620 757 661 796 in
688 755 812 810 sylvis
846 755 909 795 De
951 756 1102 806 Vaffieu
1134 768 1262 810 capta.
1292 761 1346 799 V.

564 811 683 862 Desc-
714 810 862 851 Differt
888 824 910 850 a
936 811 1219 851 Reaumurella
1254 813 1369 852 Linn.
1412 825 1512 853 cor-

618 880 719 921 pore
753 867 1050 914 viridi-aeneo,
1091 866 1227 908 fronte
1261 870 1404 922 nigra,
1439 867 1512 906 alis

619 921 847 963 antrorsum
894 924 1020 976 magis
1064 924 1227 963 auratis.
1275 925 1378 963 Huic
1427 935 1512 962 non

610 979 742 1031 pedus
760 1007 774 1025 ,
808 990 892 1017 non
909 979 1072 1031 femora
1097 978 1177 1018 ulla
1207 979 1386 1019 barbata.
1415 977 1513 1016 Αἶα

616 1035 739 1073 etiam
765 1033 901 1074 subtus
929 1033 1038 1073 nulla
1073 1034 1242 1074 tinaura
1265 1034 1508 1074 rubro-vion

622 1089 735 1130 lacea
760 1088 922 1143 fulgidae
945 1100 988 1128 ut
1014 1090 1055 1129 in
1080 1092 1231 1142 priore.

235 1201 454 1246 Croesella.
483 1211 577 1258 999.
608 1203 654 1242 P.
683 1202 734 1240 T.
767 1202 785 1253 (
811 1199 850 1240 la
886 1199 1068 1250 Cresus)
1115 1200 1187 1242 alis
1214 1200 1390 1241 saturare
1423 1200 1517 1240 vio-

619 1257 777 1305 laceis,
815 1256 958 1296 anticis
1001 1254 1122 1296 fascia
1146 1284 1158 1301 ,
1188 1255 1265 1296 basi
1318 1257 1354 1297 ὅτ
1402 1256 1516 1307 apice

619 1311 814 1364 lineisque
848 1312 1208 1364 longitudinalibus
1247 1321 1322 1365 5-7
1353 1312 1483 1351 aureis
1502 1340 1518 1360 ,

624 1368 810 1407 antennis
837 1366 1068 1419 longissimis
1093 1367 1251 1407 albidis.

566 1422 670 1462 Hah.
705 1423 745 1461 in
773 1424 948 1473 Europa.
984 1424 1029 1460 In
1063 1434 1270 1475 evonymo
1304 1430 1435 1475 capta.
1470 1423 1517 1461 In

620 1477 788 1517 floribus
819 1476 960 1515 Galliae
990 1475 1104 1516 Aust.
1130 1479 1183 1518 V.

562 1532 682 1583 Dese.
709 1530 999 1572 Pulcherrima.
1038 1531 1136 1570 Αἶα»
1175 1532 1231 1571 ita
1274 1532 1469 1572 coloratae
1502 1561 1516 1581 ,

616 1601 664 1628 ac
700 1587 727 1626 fi
761 1596 932 1640 argento
977 1585 1171 1638 laevigato
1212 1586 1342 1626 sature
1374 1586 1515 1625 viola-

619 1655 716 1684 ceus
738 1641 855 1682 color
875 1640 993 1693 super
1014 1641 1196 1680 inductus
1217 1640 1359 1681 fuisset.
1382 1641 1517 1681 Fascia

619 1698 693 1738 alae
721 1697 893 1736 medium
931 1705 1105 1748 occupat
1125 1727 1137 1745 ‚
1181 1696 1286 1736 linea
1318 1696 1479 1736 limbum
1507 1726 1522 1746 ,

622 1766 789 1807 quarum
816 1752 957 1791 mediae
984 1751 1191 1805 longiores
1212 1781 1224 1798 ,
1250 1762 1293 1790 ut
1315 1751 1450 1803 fistulae
1471 1753 1515 1791 in

621 1821 794 1864 organo.
833 1808 900 1846 Ad
935 1806 1040 1846 basin
1074 1806 1147 1846 alae
1185 1807 1301 1847 lineae
1340 1808 1516 1859 quinque

621 1862 937 1918 longitudinales
966 1892 977 1911 ‚
1023 1864 1172 1913 pariter
1227 1875 1371 1915 aureae.
1419 1862 1517 1900 Alae

620 1922 772 1961 eaedem
789 1919 930 1968 ficbtus
956 1917 1075 1957 fascia
1103 1930 1223 1957 aurea
1241 1946 1253 1964 ‚
1286 1916 1350 1957 sed
1372 1917 1518 1968 absque

623 1976 755 2016 lineis.
813 1972 986 2013 Dorsum
1040 1985 1203 2012 aureum
1233 2003 1245 2022 ‚
1299 1972 1520 2024 praesertim

624 2031 782 2071 anticae.
838 2027 966 2079 Caput
1009 2027 1103 2067 rufis
1148 2028 1236 2080 pilis
1282 2027 1514 2080 pubescens.

621 2087 826 2126 Antennae
866 2084 936 2124 lin.
974 2082 998 2122 6
1033 2105 1048 2125 Ξ
1075 2083 1433 2136 longae.Croeseas
1455 2081 1514 2122 os-

621 2151 756 2182 tentat
778 2152 876 2192 opes
909 2152 1136 2191 vanum-que
1162 2140 1349 2179 nitorem.

571 2197 659 2248 Ohfi
691 2195 764 2235 Nil
793 2196 833 2234 in
868 2205 1010 2234 natura
1049 2195 1123 2234 hac
1155 2196 1262 2233 tinea
1300 2193 1511 2246 pulchrius

625 2252 738 2293 novi.
761 2253 896 2290 Unum
918 2260 1072 2289 tantum
1090 2249 1287 2301 specimen
1310 2250 1351 2288 in
1377 2248 1516 2288 nostro

620 2307 766 2349 musaeo
804 2307 846 2345 in
883 2305 1013 2344 Gallia
1051 2304 1295 2343 Australiore
1337 2314 1513 2356 captum.

625 2366 733 2407 Inter
749 2362 924 2410 minores
941 2361 1236 2403 adnumeranda
1270 2359 1357 2401 haec
1389 2360 1513 2399 tinea.
