1624 2937
263 88 340 147 368
396 94 637 134 INSECTA
666 83 1382 138 LEr1no1’TERA'AEhaLGe0m.

594 202 682 252 obfi
702 204 797 296 lHaec
815 201 894 242 alas
912 216 993 243 non
1013 205 1169 257 penitus
1189 207 1399 258 expandit,
1413 206 1522 246 lente

645 270 699 297 vo
718 266 771 298 at.

264 368 482 410 Murinata.
498 365 587 418 581.
616 369 659 406 P.
691 368 740 406 G.
772 367 841 418 (la
853 367 1010 417 souris)
1032 367 1260 415 seticornis,
1276 370 1346 408 alis
1362 370 1521 409 murinis

643 421 786 472 absque
814 423 974 461 maculis
999 422 1213 474 fasciisque.

584 477 684 516 Hah.
713 478 751 515 in
784 479 956 528 Europa.
989 480 1033 516 In
1064 477 1191 516 Gallia
1220 478 1330 518 Aust.
1356 480 1409 519 V.

587 531 755 625 Defscscis
768 531 986 571 Seticornis
1019 563 1032 582 ,
1094 531 1288 585 pulchella
1318 563 1332 583 ‚
1396 534 1521 574 oculis

590 600 680 702 Obsk‘}
701 615 853 737 Μίἱὶοξῐ.
872 639 1099 694 Aliquoties
1125 640 1252 681 fasciae
1282 642 1392 682 lente
1410 642 1517 683 cons-

642 708 782 748 picuae.
855 725 865 736 .

262 804 462 848 Rivulata.
493 802 581 856 582.
612 806 658 844 P.
688 806 737 844 G.
771 808 788 855 (
814 805 1149 856 l'entrecoupee)
1184 805 1297 854 alba,
1334 806 1404 846 alis
1442 820 1519 846 an-

638 860 729 899 ticis
759 859 896 899 rivulis
923 859 1158 911 ferrugineis
1177 890 1190 908 ‚
1221 861 1378 912 posticis
1405 860 1521 901 fascia

639 914 838 968 strigisque
882 915 1030 953 duabus
1085 915 1310 954 transversis
1360 915 1475 955 fuscis
1505 945 1519 961 ‚

638 970 820 1008 omnibus
846 968 961 1022 striga
985 969 1190 1022 marginali
1221 971 1406 1021 utrinque
1434 969 1521 1010 fer-

641 1026 818 1077 ruginea.

587 1077 686 1118 Hah.
720 1079 878 1130 copiosa
923 1079 962 1118 in
990 1078 1203 1118 Car-nioliae
1235 1081 1358 1131 pratis
1378 1109 1390 1128 ,
1435 1078 1520 1132 post

640 1135 804 1186 primum
835 1133 1091 1173 foenisecium.

586 1188 700 1238 Desc.
734 1189 899 1228 Habitus
923 1188 1106 1240 pyralis,
1140 1187 1204 1226 sed
1245 1187 1316 1227 alae
1349 1188 1521 1229 sedentis

639 1242 819 1295 expansae
849 1254 1088 1294 geometram
1124 1243 1314 1282 indicant.
1349 1243 1520 1282 Alarum

631 1300 846 1349 primorum
879 1298 998 1337 rivuli
1033 1299 1089 1336 ita
1115 1296 1202 1336 sunt
1223 1297 1450 1345 constituti,
1477 1306 1521 1336 ut

637 1361 720 1392 tres
760 1352 866 1391 albas
911 1351 1053 1390 insulas
1086 1353 1124 1390 in
1159 1352 1265 1391 disco
1308 1350 1520 1401 efficiant3

637 1407 776 1446 harum
819 1408 960 1459 pagina
1013 1405 1177 1445 inferior
1241 1408 1351 1446 rivos
1392 1405 1523 1446 fuscos

638 1463 742 1515 gerit
762 1492 774 1510 ‚
799 1470 867 1500 aut
888 1491 899 1509 ‚
930 1461 956 1499 sl
976 1462 1074 1500 velis
1092 1491 1104 1509 ,
1133 1459 1237 1500 fusca
1258 1460 1310 1500 est
1327 1492 1339 1510 ,
1359 1461 1523 1501 maculis

639 1528 667 1568 4
706 1517 747 1555 in
785 1515 891 1555 disco
921 1517 1048 1555 niveis
1069 1546 1081 1564 ‚
1129 1516 1219 1554 offilo
1254 1517 1294 1554 in
1335 1515 1456 1554 limbo
1482 1516 1522 1554 in

637 1585 754 1610 unam
786 1567 923 1610 seriem
961 1571 1166 1610 ordinatis.
1210 1571 1302 1608 Azae
1336 1571 1520 1620 posticae,-

639 1625 758 1666 fascia
793 1624 901 1664 limbi
940 1626 1168 1678 plerumque
1207 1625 1355 1677 postico
1396 1625 1520 1663 latere

638 1682 834 1728 dentata,
870 1679 985 1732 hujus
1017 1680 1131 1719 lineae
1168 1681 1407 1732 nigricantes
1450 1693 1522 1717 re-

637 1737 776 1788 pandae
822 1747 903 1773 non
949 1736 1149 1788 attingunt
1192 1734 1407 1786 marginem
1448 1733 1520 1772 alae

640 1789 886 1842 oppositum3
916 1790 1067 1829 macula
1096 1788 1319 1842 ferruginea
1345 1788 1522 1840 imposita

642 1844 757 1883 lineae
786 1844 973 1896 posticae‚
1001 1845 1041 1883 in
1074 1847 1205 1883 medio
1245 1843 1330 1882 alae.
1368 1842 1517 1892 Corpus

639 1899 783 1938 album.
804 1898 1003 1937 Antennae
1028 1898 1208 1939 setaceae.
1235 1897 1358 1936 Pedes
1382 1897 1520 1949 postici

643 1953 714 1992 alis
747 1954 965 2006 longiores.
1519 1983 1523 1993 .

594 2008 765 2054 Variac,
796 2008 866 2046 alis
892 2009 1072 2047 omnibus
1092 2009 1209 2048 etiam
1234 2007 1367 2046 subtus
1396 2006 1492 2044 albis
1510 2034 1524 2051 ,

643 2063 740 2102 rivis
758 2062 1076 2113 obscurioribus,
1110 2063 1254 2115 alisque
1280 2060 1423 2113 absque
1438 2072 1522 2100 ma·-

647 2117 735 2157 cula
760 2116 1000 2170 ferruginea.

267 2235 475 2279 Litterata.
500 2228 589 2283 583.
620 2229 666 2268 P.
696 2227 747 2266 G.
779 2229 796 2276 (
832 2226 1060 2280 l'imprimee
1099 2228 1116 2276 )
1166 2227 1373 2267 seticornis
1394 2255 1407 2274 ,
1451 2224 1521 2263 alis

644 2282 818 2322 cervinis
840 2311 851 2329 ‚
880 2283 1021 2322 anticis
1050 2281 1155 2322 linea
1185 2279 1403 2320 transversa
1433 2277 1522 2331 pos-

645 2337 754 2388 tica,
800 2335 876 2377 alia
928 2338 1088 2390 antica,
1137 2335 1271 2389 hisque
1315 2332 1522 2428 {uterjeffig

1331 2398 1446 2429 ittera
1507 2422 1521 2432 d
