1624 2937
272 139 356 185 302
410 132 653 173 INSECTA
684 127 1403 177 LEPxnoPTERA.Phal.Ge0m-.

652 242 1096 285 albido—lutescentibus
1111 275 1123 293 ‚
1138 245 1386 297 inaequaliter
1398 245 1543 285 distare

651 298 757 338 tibus
773 329 786 348 ‚
814 300 965 352 punctis
985 300 1138 339 duobus
1158 302 1294 354 nigris.
1332 314 1360 340 t.
1383 300 1421 341 6.
1474 332 1482 340 .
1504 313 1540 342 Ι,

592 352 695 393 Hah.
720 355 757 393 in
785 357 959 408 Europa.
988 358 1032 394 In
1048 356 1202 395 Breffiae
1223 370 1351 408 pruno
1371 356 1539 408 spinosa.

593 409 712 459 Dese.
729 410 884 449 Minor.
912 410 1006 448 Alae
1020 411 1243 460 fitperiores
1270 411 1509 451 lutescentes
1525 443 1538 462 ,

646 464 775 518 strigis
802 465 952 505 duabus
973 495 985 514 ,
1013 465 1119 505 inter
1153 479 1248 518 quas
1277 468 1417 518 pun&a
1456 469 1537 507 duo

645 520 761 572 nigra
788 520 950 572 oblique
984 521 1138 572 posita3
1177 521 1352 573 superius
1394 523 1534 574 majus.

645 575 794 614 Subtus
812 588 950 615 omnes
970 575 1103 615 luteae.
1124 576 1296 615 Faemina
1323 577 1536 629 aliquoties

648 629 877 681 majuscula.

590 684 682 734 Obsl
715 686 859 725 Geom.
880 685 1050 739 falcatae
1076 685 1133 725 D.
1166 685 1260 725 Fab.
1288 688 1389 726 adeo
1405 687 1535 727 similis

645 749 716 787 ut,
745 740 867 780 oculo
894 741 1014 780 etiam
1050 751 1203 781 armato
1225 771 1238 791 ‚
1270 742 1534 782 differentiam

644 795 791 835 nullam
823 796 980 836 offerat.
1022 796 1154 835 Afaris
1190 809 1374 835 antennae
1402 798 1534 849 pec'ti-

643 860 750 890 natae
765 879 776 897 ‚
802 852 914 904 apice
934 851 1113 890 setaceae.
1135 853 1291 891 Marem
1311 853 1431 905 igitur
1450 866 1534 892 non

640 907 745 945 vidit
786 906 841 945 D.
871 906 967 946 Fab.
998 916 1065 945 aut
1092 907 1208 958 dupla
1242 907 1389 958 species
1408 937 1420 956 ‚
1452 920 1531 946 una

641 961 682 1000 in
714 961 789 1001 hac
833 961 1025 1001 divisione
1045 990 1059 1011 ,
1105 963 1211 1000 inter
1254 975 1385 1015 geom.
1432 962 1531 1002 setim

640 1029 787 1057 cornes
813 1016 953 1058 altera.

281 1128 452 1170 Ditaria.
481 1135 578 1182 419.
609 1128 655 1166 P.
687 1128 738 1166 G.
771 1130 788 1179 (
814 1126 851 1167 la
892 1127 1004 1167 riche
1031 1127 1048 1176 )
1096 1127 1378 1180 pedlinicornis
1398 1157 1410 1176 ‚
1455 1127 1528 1168 alis

637 1183 833 1222 viridibus
866 1183 1095 1237 angulatis,
1126 1183 1291 1224 maculis
1320 1184 1527 1237 margina-

639 1238 741 1278 libus
768 1238 1021 1292 ferrugineis.

583 1292 688 1333 Hah.
731 1294 949 1346 Hamburgi
1007 1292 1064 1332 D.
1110 1291 1262 1346 Schulz.
1318 1296 1363 1333 In
1404 1292 1527 1346 sylvis

638 1348 976 1405 Lugdunensibus.

580 1401 696 1454 Dese.
731 1403 787 1443 D.
817 1403 911 1443 Fab.
941 1404 1073 1457 diagn.
1105 1404 1326 1453 convenit,
1353 1404 1419 1444 sed
1442 1417 1527 1444 non

638 1459 868 1512 descriptio.
919 1460 1058 1498 Media
1105 1458 1189 1498 fere
1233 1461 1377 1499 minor.
1430 1460 1525 1498 Alae

634 1530 768 1554 omnes
808 1517 1011 1562 dentatae,
1059 1514 1244 1553 dentibus
1286 1514 1526 1567 ferrugineis

637 1568 1027 1622 nullaquemacula
1077 1582 1216 1622 magna
1266 1571 1315 1608 ad
1371 1570 1524 1621 apicem

636 1627 827 1679 marginis
867 1625 1078 1664 tenuioris.
1113 1625 1271 1664 Caetera
1306 1634 1349 1663 ut
1391 1626 1431 1664 in
1465 1625 1524 1664 D.

631 1680 726 1720 Fab.
774 1679 1055 1732 descriptione.
1112 1683 1273 1719 Nomen
1310 1680 1347 1719 ὅ(
1383 1680 1520 1733 diagn.

633 1735 889 1776 conservavi.
928 1738 995 1774 An
1029 1734 1177 1788 speeies
1207 1735 1394 1774 diversa?

577 1790 694 1841 Dese.
736 1791 937 1830 Antennae
981 1791 1215 1843 peffilinatae‚
1252 1791 1423 1830 cinereae
1455 1803 1522 1830 ra-

635 1847 701 1886 chi
731 1847 834 1886 alba.
869 1845 965 1884 Alae
1002 1847 1145 1884 ancicae
1180 1846 1326 1884 virides
1347 1876 1360 1895 ,
1394 1845 1521 1898 strigis

633 1901 826 1942 obsoletis
858 1901 956 1940 albis
989 1902 1027 1942 &
1057 1900 1211 1940 macula
1249 1913 1390 1954 magna
1432 1899 1522 1939 fer-

630 1958 797 2010 ruginea
829 1958 879 1996 ad
906 1958 1059 2008 apicem
1086 1957 1274 2009 marginis
1306 1957 1520 1996 tenuioris.

632 2012 792 2063 Posticae
839 2013 1067 2051 rotundatae
1108 2013 1288 2060 virides,
1341 2012 1520 2064 margine

633 2067 767 2107 albido
783 2097 795 2116 ,
820 2066 936 2120 striga
954 2066 1172 2106 tenuisti-ma
1198 2068 1325 2119 nigra.
1355 2065 1519 2105 Macula

631 2136 774 2175 magna
815 2121 1042 2175 ferruginea
1083 2123 1135 2161 ad
1170 2121 1356 2175 angulum
1387 2122 1451 2159 ani
1480 2121 1519 2160 ὅ(

635 2178 761 2217 altera
792 2179 839 2217 ad
881 2180 1029 2230 apicem
1077 2177 1264 2230 marginis
1306 2176 1517 2216 tenuioris.

631 2233 781 2272 Subtus
817 2245 956 2272 omnes
994 2231 1164 2286 pallidae.
1206 2232 1301 2272 Fab.
1337 2229 1516 2281 Mantzff

625 2303 670 2341 p.
707 2287 802 2342 386.

274 2400 444 2445 llicaria.
472 2409 571 2454 420.
600 2400 648 2443 P.
676 2401 728 2441 G.
760 2400 779 2451 (
804 2400 857 2440 du
881 2398 1011 2441 chene
1034 2400 1161 2450 vert)
1189 2397 1261 2440 alis
1286 2396 1513 2452 angulatis,
