1624 2937
259 131 340 177 '512
393 128 638 168 INSECTA
667 118 1395 173 LEP1D09TERAAEhaLTineaeI

585 236 703 287 Dese.
745 236 946 277 Antennae
989 236 1117 284 albae,
1158 238 1270 280 fusco
1313 240 1531 283 annulatae‚'

645 291 760 332 Oculi
777 294 894 357 nigri.
913 291 993 345 Cap
996 306 1037 332 ut
1056 307 1144 334 cum
1162 294 1331 335 thorace
1350 297 1529 339 niveum.

638 347 734 387 Alae
757 350 924 397 anticae,
949 348 1130 388 obsoleta
1153 348 1272 390 fascia
1300 352 1528 403 punffisque

638 402 950 444 fuscescentibus
979 404 1155 456 pluribus
1184 406 1224 444 in
1251 407 1378 459 apice.
1401 405 1527 447 Tibiae

641 458 768 507 albae,
791 460 908 512 nigro
940 459 1154 499 annulatae.

586 513 677 564 Obs.
714 489 860 554 Differt
903 526 925 552 a
963 514 1073 553 tinea
1101 514 1297 564 punffella
1331 515 1447 556 Lina,
1484 518 1524 559 ὃς

635 569 730 609 Fal>
801 569 949 609 alarum
1012 569 1151 609 colore
1211 571 1525 626 punctorumque

636 624 723 665 situ.
751 626 805 665 V.

252 735 581 788 Comella.1005.
612 737 658 776 P.
687 736 739 776 T.
772 738 789 787 (
817 735 854 776 13
888 735 1147 786 cheveiure)
1187 736 1420 790 capillitium
1455 739 1521 779 31-

634 790 727 831 bum
744 821 756 840 ‚
781 791 869 831 alba
901 805 1016 832 coma
1045 806 1115 845 per
1138 794 1354 846 marginem
1386 794 1519 834 inter-

633 860 728 887 num
759 848 1026 896 decurrente,
1051 848 1233 887 cinctum.
1268 848 1357 887 Alis
1377 850 1519 890 anticis

631 901 897 956 ferrugineis,
933 902 1053 943 fascia
1095 902 1359 949 obscuriore,
1396 904 1520 945 obso-

631 957 714 997 leta
736 988 748 1007 ‚
780 958 958 1010 obliqua.

575 1012 682 1054 Hah.
715 1014 755 1052 in
782 1016 971 1066 Europa,
1003 1014 1110 1054 circa
1140 1014 1281 1054 domos
1310 1014 1346 1055 8<
1375 1013 1520 1056 hortos

629 1068 792 1108 volitat.
821 1072 866 1109 In
894 1067 1023 1109 Gallia
1055 1068 1166 1108 Aust.
1199 1082 1302 1110 rara.
1333 1072 1384 1109 V.

574 1123 692 1174 Desc-
720 1124 799 1164 Ubi
814 1124 952 1164 desinit
973 1138 1086 1164 coma
1101 1154 1112 1173 ,
1131 1124 1187 1164 ibi
1205 1125 1345 1178 incipit
1368 1124 1484 1166 fascia
1501 1157 1516 1176 ,

634 1179 702 1220 sub
734 1192 812 1233 qua
838 1181 943 1220 idem
979 1179 1055 1219 alae
1088 1192 1226 1233 margo
1261 1182 1392 1220 denuo
1415 1181 1517 1220 albi-

628 1248 724 1275 cans
754 1235 826 1277 est.
851 1235 1053 1275 Antennae
1086 1235 1186 1275 albae
1203 1265 1215 1285 ,
1239 1234 1349 1276 fusco
1386 1248 1517 1275 annu-

630 1289 737 1330 latae.

574 1345 667 1395 Obs.
686 1345 832 1386 Nostra
849 1347 1000 1397 media,
1023 1346 1151 1399 major
1171 1346 1293 1400 igitur
1322 1345 1379 1386 D.
1395 1345 1511 1398 Scop-

629 1400 841 1454 specimine
862 1431 875 1452 ,
906 1402 972 1442 sed
1001 1403 1197 1442 convenit
1228 1401 1457 1454 descriptio.

243 1512 421 1557 Pufiella.
453 1509 574 1554 1006.
603 1511 650 1551 Ρ.
682 1512 731 1551 T.
766 1510 847 1562 (13
902 1511 1127 1565 proiongee
1164 1513 1182 1563 )
1240 1511 1312 1551 alis
1368 1514 1512 1554 anticis

626 1567 753 1606 cauda
800 1569 975 1619 repanda
1029 1567 1251 1608 terminatis
1283 1594 1297 1613 ‚
1352 1568 1512 1620 posticis

624 1621 857 1662 linearibus.

566 1676 666 1717 Hah.
698 1678 738 1716 in
766 1679 936 1731 Europae
961 1677 1099 1730 pratis.
1121 1676 1225 1718 Ibid.
1247 1689 1374 1731 prope
1393 1680 1508 1732 Lug-

625 1734 786 1773 dunum.
822 1736 874 1774 V.

570 1787 688 1837 Dese.
726 1788 821 1828 Alce
854 1787 1000 1838 offeae,
1047 1788 1194 1841 punsto
1227 1787 1338 1829 fusco
1371 1789 1513 1840 caudae

623 1844 675 1882 im
705 1844 821 1884 osito.

571 1897 661 1949 Obs.
679 1857 850 1940 pNostra
899 1897 1055 1952 major,
1093 1898 1189 1940 licet
1225 1897 1333 1939 simili
1383 1900 1504 1939 modo

624 1956 807 1995 caudata.
841 1957 896 1997 V.

236 2068 418 2111 Thraso·
451 2076 572 2121 1007.
602 2067 650 2106 P.
677 2066 729 2104 T.
762 2063 842 2116 (13
876 2065 1055 2113 hardie)
1095 2064 1165 2105 alis
1192 2065 1335 2105 amicis
1369 2066 1502 2107 fusco-

265 2124 385 2171 nella.
617 2121 795 2169 auram,
852 2120 967 2160 lineis
1018 2120 1217 2174 strigisque
1275 2122 1503 2162 transversis

622 2176 856 2229 argenteis,
890 2175 1041 2215 macula
1083 2176 1193 2228 nigra
1231 2177 1279 2214 ad
1312 2176 1499 2229 angulum

621 2231 842 2284 posticum,
869 2231 909 2270 in
938 2244 1013 2283 qua
1031 2231 1171 2283 punsta
1189 2231 1263 2269 tria
1292 2242 1498 2284 argentea.

565 2286 664 2327 Hah.
692 2287 731 2325 in
761 2289 950 2339 Europa,
977 2287 1018 2324 in
1045 2285 1216 2326 herbidis
1234 2263 1450 2338 paludosis.

565 2342 683 2391 Defi:
711 2341 844 2382 Fascia
870 2353 948 2380 una
976 2343 1158 2395 integra,
1186 2350 1267 2381 tres
1294 2341 1497 2393 abruptae,

620 2396 682 2438 str
653 2410 746 2451 igae
781 2398 882 2439 duae.
914 2374 1088 2438 Thorax
1104 2397 1237 2439 antiee
1267 2405 1495 2448 argenteus.

1312 2451 1500 2493 Punstum
