1782 2952
553 167 596 223 P
628 167 677 224 R
711 165 783 224 AE
816 164 860 222 F
897 166 943 219 A
978 163 1028 220 T
1061 165 1087 219 Ι
1122 164 1192 220 Ο.
1430 161 1481 217 ix

210 241 492 304 Erucarum
535 248 857 319 Papilionum
899 291 914 316 ,
972 248 1061 304 filo
1095 248 1292 314 alligata
1340 247 1483 300 larva

212 328 438 395 quiescit.

275 412 557 468 Erucarum
587 410 795 467 historia
835 433 863 467 a
895 412 1050 467 variis
1085 412 1446 480 Entomologis
1469 457 1484 480 ,

219 495 474 567 praecipue
535 514 563 548 a
615 493 763 550 DD.
803 494 1117 548 Renumurio
1152 494 1484 561 Degeeroque

217 578 458 640 illustrata
495 578 605 634 fuit.
660 578 852 635 Dostis
893 600 1073 634 eorum
1114 578 1357 646 operibus
1389 581 1488 633 lar-

219 680 398 717 varum
446 665 590 718 locus
623 701 636 721 ,
691 663 835 719 cibus
872 702 884 725 ,
942 662 1223 723 industria,
1276 663 1486 717 conser-

213 745 494 801 vandarum
516 745 700 800 modus
729 744 1240 811 metamorphosisque
1273 744 1489 799 innotes-

210 844 364 894 cent3
415 829 499 882 sed
546 829 797 885 celeberr.
838 821 1075 879 Fabricii
1110 827 1488 893 Entomologiae

212 912 544 969 fundamenta
587 908 669 963 die
704 927 764 963 ac
793 906 943 963 nocie
978 910 1216 963 evolvant
1242 923 1483 973 tyrones;

215 1008 336 1050 tunc
372 995 634 1051 laboribus
670 993 1100 1049 Praedecessorum
1126 994 1354 1047 fruentes
1383 1029 1395 1051 ‚
1439 990 1492 1046 in

214 1076 581 1146 Entomologia
618 1076 737 1132 utile
771 1077 1185 1145 progredientur.

287 1160 525 1225 Ejusdem
573 1159 766 1216 ordinis
814 1159 1071 1214 individua
1108 1158 1204 1213 suis
1236 1161 1493 1226 finguntur

217 1243 466 1298 moribus,
483 1243 912 1310 lnterLepidoptc
922 1263 974 1296 ra
986 1243 1229 1300 Phalaenae
1244 1245 1493 1310 pleraeque

217 1325 452 1395 lucifugae
471 1367 486 1389 ,
520 1346 639 1382 raro
668 1326 828 1382 oculis
851 1328 959 1382 sunt
981 1326 1181 1393 obviae3
1217 1328 1302 1387 sed
1324 1328 1495 1382 lumen

215 1409 377 1463 solare
411 1408 664 1476 fugientes
684 1451 698 1473 ‚
727 1407 916 1464 lumine
951 1409 1274 1467 candelarum
1303 1411 1495 1477 lampa-

216 1490 436 1559 dumque
462 1530 475 1554 ,
523 1490 692 1546 nescio
732 1511 826 1558 qua
862 1489 1061 1547 ratione
1090 1526 1103 1550 2
1143 1492 1493 1557 attrahuntur3

216 1572 335 1629 inde
368 1596 460 1643 per
499 1573 706 1631 noetem
740 1576 1006 1630 obscuram
1031 1574 1081 1628 in
1114 1573 1346 1628 cubicula
1383 1574 1496 1628 illu-

215 1658 405 1729 minata
434 1658 624 1713 intrant
645 1656 767 1711 &in
787 1656 1044 1711 venatoris
1068 1677 1272 1714 manum
1291 1655 1495 1728 copiose

214 1738 460 1811 incidunt.
480 1740 712 1798 Luminis
732 1740 894 1801 aditus
916 1780 927 1801 ‚
956 1741 1072 1797 vitri
1094 1763 1191 1809 ope
1212 1785 1224 1807 ,
1251 1759 1490 1799 accurate

217 1823 554 1893 interdicatur
569 1864 582 1886 ‚
606 1847 669 1881 ne
689 1825 869 1881 Tineae
892 1865 903 1886 ‚
954 1827 1215 1895 Pyralides
1232 1869 1249 1889 ‚
1285 1828 1495 1884 Tortri-

217 1928 329 1974 σεε,
345 1914 442 1979 &c.
463 1913 512 1965 se
528 1909 655 1974 ipsas
674 1909 954 1964 accendant
967 1926 1051 1965 aut
1067 1910 1496 1969 contaminentur.

212 1994 299 2049 Ad
315 1993 583 2061 iucundam
600 1992 728 2046 hanc
746 1992 1070 2049 venationem
1086 1996 1347 2051 conclavia
1363 1999 1497 2053 nuda

217 2076 327 2145 aliis
374 2075 608 2132 feliciora
648 2120 662 2143 ‚
717 2077 988 2141 praesertim
1051 2079 1085 2133 s1
1134 2082 1277 2146 sylvae
1319 2080 1495 2136 vicinae

219 2158 451 2215 fenestrae
490 2160 583 2215 fint
624 2160 879 2227 oppositae.
925 2162 1164 2219 Phalcenae
1187 2184 1293 2230 quae
1316 2168 1496 2224 oculos

219 2243 507 2310 fugierunt,
537 2242 737 2311 postera
760 2242 840 2296 die
863 2244 925 2297 ad
949 2243 1192 2299 fenestras
1212 2247 1495 2303 turmatim,

224 2345 492 2392 accurrent
514 2373 528 2397 ‚
562 2330 731 2396 ibique
763 2369 780 2389 ,
832 2327 1065 2383 fenestris
1096 2329 1274 2384 clausis
1301 2369 1310 2386 ‚
1349 2331 1495 2386 facile

218 2411 478 2477 capientur
500 2431 512 2477 3
561 2417 646 2471 sed
689 2416 816 2469 lunae
849 2414 1098 2481 oppositio
1135 2414 1338 2476 vitanda
1379 2416 1455 2474 est
1480 2458 1495 2482 ,
