1782 2952
192 112 288 202 *x
555 149 1196 211 PRAEFATlo

254 229 433 296 vigilite
468 231 601 286 enim
625 233 885 289 nocturnae
910 249 1029 289 tunc
1062 237 1265 304 prorsus
1292 235 1514 296 inutile&

254 312 335 368 Ex
362 314 477 367 loco
502 331 709 368 venatus
747 335 956 370 araneas
977 318 1167 383 expelle
1206 339 1216 372 :
1251 320 1509 376 Phalaenas

254 395 449 450 retibus
523 396 835 452 involventes
883 442 897 464 ‚
970 401 1219 455 devorant
1279 404 1511 468 spemque

254 479 512 534 venatoris
545 481 746 538 fallunt3
782 481 846 535 fic
883 481 1228 551 Lepidoptera
1248 527 1264 546 ,
1298 505 1514 553 quorum

256 562 437 619 Erucae
476 560 722 616 rariffimae
753 605 767 629 ‚
814 564 1001 621 lumine
1041 568 1252 635 decepta
1277 612 1291 635 ‚
1325 567 1515 634 impru-

255 647 438 701 denter
494 644 648 699 noem
704 645 863 700 oculis
917 646 969 701 in
1014 669 1203 704 vanum*
1254 653 1353 705 sese
1411 669 1516 705 non

256 727 493 784 offerunt.
551 727 797 795 Sphinges
821 773 834 795 ‚
867 731 1155 797 Bombyces
1193 731 1514 798 Nocluaeque

255 811 477 871 maiores
502 809 763 866 introitum
790 814 1050 869 susurrone
1067 815 1376 870 annuntiant.
1415 814 1516 870 Fe·-

255 892 449 950 nestras
478 892 653 949 claude
674 936 689 959 ‚
717 915 780 948 ne
811 894 1053 949 fenestras
1077 895 1260 950 adeant
1279 894 1517 962 citiusque

254 978 533 1032 elabantur·
566 978 691 1033 Non
721 978 877 1031 solum
905 979 1144 1033 Phalaenae
1175 979 1258 1034 sed
1292 981 1520 1046 quaedam

259 1058 578 1127 Coleoptera
612 1107 626 1130 ‚
672 1063 873 1130 quidam
907 1063 1138 1120 Cimices
1173 1107 1186 1130 ,
1234 1069 1329 1120 &c.
1378 1065 1524 1128 huius,

258 1143 511 1199 manubrii
543 1164 639 1214 ope
663 1187 679 1208 ,
706 1145 898 1213 vigilias
927 1147 1135 1202 solvent.

307 1256 392 1311 Ad
419 1255 676 1311 historiam
693 1257 1137 1326 Entomologicam
1154 1262 1521 1329 perficiendam

256 1340 411 1394 larvae
432 1338 707 1394 necessario
736 1340 1023 1398 educandae.
1059 1344 1260 1401 Omnes
1282 1347 1391 1401 fere
1416 1344 1524 1400 feli„

260 1421 390 1476 citer
424 1425 474 1480 in
509 1445 722 1494 puppam
757 1443 1043 1491 mutantur,
1074 1430 1160 1484 sed
1201 1450 1305 1486 non
1341 1448 1524 1485 omnes

262 1504 329 1558 acl
354 1505 623 1574 imaginem
649 1507 972 1575 perveniunt..
1007 1511 1066 1564 In
1090 1527 1225 1565 terra
1252 1507 1529 1565 humidiori

265 1588 531 1647 ficciorive
572 1592 880 1660 frequentius
913 1609 1125 1659 pereunt
1161 1593 1529 1659 Chrysalides3

266 1676 407 1731 larva
436 1678 533 1732 alni
563 1676 754 1742 duplici
787 1677 950 1729 cauda
986 1678 1211 1734 ultimam
1248 1697 1367 1732 raro
1402 1676 1532 1731 subit

268 1761 719 1826 metamorphosin,
752 1763 1013 1817 deificatur
1044 1777 1126 1816 aut
1146 1760 1366 1817 maceffit
1389 1797 1403 1820 ,
1433 1759 1534 1813 fol·-

270 1843 447 1899 liculus
475 1845 623 1913 igitur
644 1864 672 1898 e
695 1860 830 1899 terra
852 1845 1208 1901 extrahendus,
1245 1839 1300 1900 Si
1323 1861 1535 1899 coaceroe

273 1943 455 1983 vantur
488 1931 636 1986 larvae
672 1968 690 1990 ,
739 1927 1097 1995 vegetabilium
1120 1959 1134 1985 ‚
1190 1926 1535 1993 stigmatorum

275 2030 817 2080 excrementorumque
886 2033 1042 2079 vapor
1090 2012 1289 2067 lethalis
1351 2006 1540 2065 Erucis.

276 2097 472 2161 semper
496 2096 674 2150 noxius
693 2096 765 2151 est
788 2119 800 2155 3
836 2099 945 2150 vasa
964 2113 1196 2151 accurate
1220 2091 1504 2149 mundanda
1521 2130 1538 2155 ‚

281 2198 345 2234 ne
381 2179 529 2232 larvae
565 2194 816 2246 corruptae
855 2176 962 2232 aliis
1001 2176 1206 2233 funestae
1236 2176 1344 2231 sint.

343 2294 722 2364 Quodcumque
743 2292 955 2359 systema
976 2293 1031 2347 fit
1054 2293 1345 2358 adoptatum
1371 2329 1383 2349 ,
1419 2287 1539 2342 elasa

284 2377 408 2434 sium
462 2376 707 2445 separatio
748 2418 761 2440 ‚
815 2379 1036 2441 ejusdem
1093 2377 1247 2432 classis
1300 2389 1540 2440 generum
