1624 2937
266 199 350 253 486
405 201 651 241 INSECTA
681 197 1400 242 LEP1DOPTERA.Phal.Tineae.

598 308 694 348 Fab.
729 309 874 349 alucita
901 321 968 351 21.

601 363 722 416 Geoffi
750 364 831 415 hist.
860 366 932 413 ins.
953 366 1076 416 paris:
1110 376 1204 405 tom.
1228 376 1268 405 2.
1296 381 1335 405 η.
1364 376 1429 420 32.
1457 370 1538 408 an?

597 419 700 458 Hah.
734 421 773 458 in
811 421 965 459 Suecia.
1001 423 1044 459 In
1072 421 1201 460 Gallia
1234 420 1345 460 Aust.
1374 423 1426 461 V.

598 476 663 514 De
704 474 890 514 Geerella
941 475 1099 514 dimidio
1145 476 1287 516 minor.
1334 476 1537 516 Antennae

656 529 896 579 longitudine
917 531 1089 569 alarum.
1115 530 1204 570 Alae
1221 531 1351 584 fascia
1377 531 1535 585 aequali.

271 638 490 681 Robertel-
506 648 600 693 920.
632 641 679 678 P.
709 639 761 678 T.
793 641 809 688 (
835 638 872 678 la
916 638 1111 688 Robert)
1149 638 1332 679 antennis
1379 638 1535 694 longis-

298 695 351 736 la.
655 694 756 733 simis
797 693 927 743 albis,
971 693 1041 734 alis
1092 693 1241 743 fuscis,
1285 694 1432 748 angulo
1470 694 1536 735 ani

654 748 761 789 albo.
791 750 810 769 ‘⁶

603 802 699 843 Fab.
734 803 879 843 alucita
912 801 977 842 18.

601 858 700 898 Hah.
746 859 785 897 in
832 861 1002 911 Europa.
1039 861 1084 899 In
1117 856 1245 898 Gallia
1283 856 1394 898 Aust.
1428 871 1536 911 prae=

658 914 890 953 cedentibus
924 914 1066 953 rarior.
1096 915 1149 952 V.

601 967 718 1017 Defi.
752 968 893 1008 Similis
943 967 1048 1020 phal.
1089 967 1534 1017 Swammerdamellae,

654 1023 720 1063 sed
743 1023 876 1075 paullo
898 1024 1040 1063 minor.
1065 1021 1159 1061 Δία
1187 1021 1305 1062 fuscae
1328 1022 1355 1062 s.
1381 1024 1505 1076 nigrae
1521 1051 1536 1069 ,

653 1079 723 1117 vix
750 1077 952 1118 manifeste
985 1077 1370 1118 cinereo-inauratae
1395 1107 1407 1125 ‚
1446 1089 1536 1116 ma-

659 1132 746 1172 cula
772 1133 856 1172 alba
881 1135 928 1172 ad
952 1132 1136 1186 angulum
1167 1133 1245 1172 ani.
1274 1131 1397 1173 Faun.
1419 1141 1538 1184 1394.

602 1187 691 1236 Obfi
720 1189 861 1228 Variat
894 1188 1039 1236 color,
1074 1186 1139 1228 sed
1171 1186 1318 1241 angulo
1352 1187 1417 1227 ani
1445 1187 1538 1226 albo

654 1242 913 1296 dignoscitur.
941 1245 994 1283 V.

274 1353 481 1396 Geoffrel-
511 1363 605 1406 921.
635 1355 682 1394 P.
712 1354 762 1392 T.
797 1352 873 1405 (la
910 1351 1130 1401 Geoffroi)
1162 1351 1346 1391 antennis
1379 1350 1540 1391 medio-

303 1412 354 1452 la.
655 1407 786 1448 eribus
807 1437 818 1456 ‚
862 1407 932 1446 alis
966 1407 1083 1446 fuscis
1126 1416 1320 1458 argenteo
1357 1405 1498 1446 striatis
1523 1436 1538 1458 ,

658 1462 821 1502 maculis
854 1462 1003 1501 duabus
1035 1461 1151 1501 flavis
1177 1459 1475 1514 marginalibus.

601 1518 698 1558 Fab.
727 1519 800 1556 tin.
830 1516 895 1567 67.

603 1573 704 1612 Hah.
732 1572 771 1610 in
802 1571 1028 1611 Germania.
1054 1570 1110 1610 D.
1134 1570 1283 1610 Bleom.
1329 1572 1373 1609 In
1411 1570 1540 1612 Gallia

661 1626 770 1666 Aust.
803 1630 885 1666 non
909 1625 1109 1677 frequens.
1137 1627 1190 1664 V.

601 1681 691 1723 Alae
704 1681 1108 1734 fufio—flaveftentes.
1128 1679 1296 1718 Macula»
1323 1681 1360 1719 in
1384 1681 1507 1720 medio
1526 1710 1540 1732 ‚

657 1748 710 1784 2,
727 1738 882 1786 flavae,
899 1736 1135 1786 fizbcrigonae
1162 1750 1169 1757 ·
1210 1735 1338 1773 altera
1366 1736 1420 1774 ad
1441 1751 1541 1774 mar-

657 1792 784 1843 ginem
812 1792 1073 1835 exteriorem,
1111 1767 1165 1829 αᾶ
1209 1790 1431 1828 interiorem
1476 1790 1541 1829 αἷ-

658 1859 758 1886 tera.
813 1846 922 1885 Ante
976 1846 1154 1885 maculas
1204 1844 1279 1883 alae
1322 1855 1505 1895 argenteo
1527 1875 1539 1894 ε

653 1902 736 1952 post
764 1902 875 1952 nigro
907 1901 1072 1951 striata.
1110 1900 1236 1940 Pedes
1269 1899 1405 1951 longi,
1441 1900 1539 1938 bar-

659 1957 768 2002 bati,
797 1957 952 2008 spinosi-

611 2010 699 2060 Obs.
729 2011 847 2051 Dese.
880 2009 1108 2050 illustriffimi
1137 2009 1225 2048 Lin.
1270 2009 1320 2050 fic
1354 2019 1540 2050 accurata

657 2075 701 2105 ut
738 2066 919 2106 omnibus
962 2064 1078 2106 facile
1112 2064 1350 2104 innotescat.
1376 2067 1428 2105 V.

278 2176 611 2235 Mo⁴uffete1v92m
641 2178 687 2216 P.
720 2177 770 2215 T.
803 2178 820 2227 (
845 2175 881 2215 la
905 2173 1121 2224 Mouffet>
1149 2175 1333 2214 antennis
1350 2173 1540 2214 brevibus

307 2238 359 2278 la,
663 2230 754 2271 albo
801 2230 1022 2279 annulatis,
1071 2229 1142 2269 alis
1190 2229 1321 2270 lividis
1342 2259 1356 2280 ‚
1398 2230 1542 2270 atomis

662 2285 848 2340 oblongis
881 2285 1013 2326 fuscis.
1037 2285 1056 2306 ‘⁸

605 2342 703 2382 Fal).
742 2342 815 2380 tiu.
849 2338 913 2380 68.

606 2397 727 2437 Faun.
757 2395 882 2435 Fridr.
914 2411 952 2434 η.
982 2404 1077 2448 494.

608 2451 707 2492 Hah.
732 2451 771 2492 in
795 2453 971 2505 Europa.
1006 2454 1051 2491 In
1073 2449 1201 2491 Gallia
1220 2449 1331 2492 Aust.
1353 2450 1406 2493 V,
