1624 2937
560 161 975 203 SYNOPSIS‚'
1308 169 1382 218 553

286 272 344 314 D.
378 270 588 325 Geoffivyi.
950 270 1008 311 D.
1037 269 1221 312 Fabricii.

127 384 217 435 Obs.
244 394 279 436 3.
297 386 405 422 Inter
427 381 727 435 phalaenassspi-
785 380 992 436 Pyralides
1019 381 1172 421 Linnaei
1189 382 1228 421 in
1247 381 1388 424 ordine

191 439 380 489 rilingues
426 438 496 476 alis
535 436 729 484 deflexis,

188 493 287 546 Syst.
304 492 509 545 pyralides
543 492 730 533 oxdinan-
840 490 1137 544 Entomologiae
1178 503 1388 530 numeran-

186 557 265 590 tur.
296 550 347 590 V.
841 555 936 594 tur,
965 544 1148 584 distinctae
1174 558 1195 583 a
1222 558 1390 598 geome-

840 601 915 639 tris
941 600 1020 639 alis
1041 598 1259 653 forficatis.

789 764 879 814 Obs.
906 763 1153 804 Terminatio
1188 763 1239 803 lis
1277 776 1298 804 a
1329 762 1387 804 D,

842 819 938 859 Fab.
987 818 1222 858 conservata
1241 850 1254 869 ,
1300 831 1384 859 no—

841 874 946 915 mine
976 882 1144 913 mutato.
1172 876 1224 916 V,

284 1427 323 1467 T
348 1428 365 1467 Ι
393 1428 434 1467 N
461 1429 491 1467 E
518 1426 576 1467 ΗΞ.
948 1425 986 1465 Τ
1011 1426 1029 1465 Ῑ
1055 1427 1094 1465 N
1122 1428 1153 1466 Ε
1180 1425 1238 1466 AE.

129 1533 329 1576 'Ameana’
361 1536 565 1577 filiformes
600 1549 621 1575 a
654 1535 731 1576 beist

183 1593 231 1630 ad
268 1593 420 1644 apicem
443 1591 729 1632 decrescentes.

132 1645 259 1686 Frons
293 1647 527 1698 prominula.

133 1700 266 1740 Lama
293 1702 507 1741 involucro
541 1701 657 1741 reeta.

137 1753 342 1808 Chrysalis
408 1756 449 1795 in
484 1793 493 1800 ,
523 1755 736 1796 involucro

189 1810 326 1850 la'rvae.

138 1863 225 1914 Ohfi
249 1865 478 1905 Tortricum
502 1863 624 1904 larvae
656 1878 738 1904 non

789 1534 905 1587 Palpi
933 1545 1104 1589 quatuor
1130 1534 1356 1587 inaequales.

789 1592 931 1632 Amici
950 1591 1118 1644 porrecti
1134 1621 1146 1639 ‚
1170 1589 1398 1644 cylindricL‘

791 1646 927 1696 Pestici
954 1646 1175 1686 breviores.

793 1700 994 1739 Antennae
1031 1699 1215 1740 setaceae.

793 1754 923 1794 Larva
974 1753 1206 1806 16—poda‚
1259 1754 1399 1809 saepius

848 1812 952 1849 intra
981 1808 1177 1849 cucullum
1207 1808 1350 1850 latens.

796 1864 885 1914 Obs.
909 1875 944 1904 Ι.
967 1863 1176 1914 Palporum
1194 1865 1403 1917 inaequali-

841 447 861 488 3
873 436 1138 487 phalaenarum
1146 435 1388 476 Fabricium
1449 442 1463 448 '

188 1932 281 1960 raro
311 1921 422 1959 intra*
452 1920 649 1960 cucullum
680 1921 739 1959 la-

189 1983 321 2014 tentes
341 1976 511 2026 ideoque
529 1974 740 2014 nonnullas

190 2030 378 2069 tortrices
398 2043 485 2069 cum
513 2030 631 2069 tineis
650 2029 741 2068 mis-

190 2084 275 2122 cuit
298 2084 356 2124 D.
385 2083 508 2137 Geoffl
526 2085 629 2123 uncle
656 2097 740 2123 non

181 2136 309 2195 ⁸facile
348 2152 436 2179 cum
476 2139 595 2178 tineis
636 2137 738 2191 Syst.

192 2203 472 2245 comparantur
491 2224 504 2242 ‚
532 2206 582 2233 eo
620 2195 741 2248 magis

194 2247 333 2287 mirum
351 2250 457 2300 quod
474 2248 587 2287 illust.
607 2251 742 2288 Ento-

196 2301 380 2355 mologus
411 2304 620 2342 tortricum
651 2303 743 2342 cha-

198 2356 386 2394 rzfflerem
412 2358 622 2410 agnoverit
638 2386 650 2404 ‚
678 2357 743 2397 sed

198 2409 411 2450 involucro
440 2420 574 2462 raptus
596 2439 607 2456 ,
639 2412 744 2452 inter

197 2465 325 2505 tineas
362 2465 552 2507 adhibuit.
579 2468 632 2508 V.

850 1930 911 1959 tas
928 1921 975 1958 ad
989 1920 1115 1958 tineas
1128 1919 1401 1973 agnoscendas

850 1976 999 2027 optima
1022 1983 1119 2013 nota
1147 1973 1200 2014 est
1219 2004 1230 2023 ‚
1268 1987 1398 2026 eoque

852 2029 1014 2077 melior,
1051 2041 1130 2080 quo
1143 2029 1253 2079 palpz'
1279 2029 1401 2082 poste·

853 2085 981 2124 riores
994 2083 1259 2123 anterioribus
1273 2084 1400 2123 multo

853 2139 925 2179 smt
966 2138 1204 2188 breviore33
1250 2148 1346 2178 tunc
1378 2150 1402 2177 a

853 2194 1006 2233 noctuis
1023 2222 1035 2241 ,
1058 2191 1183 2232 forma
1198 2222 1209 2239 ,
1232 2194 1372 2232 volatu
1387 2220 1401 2238 ‚

854 2248 1002 2287 alarum
1028 2247 1222 2299 positione
1247 2249 1287 2287 ὃ(
1311 2261 1402 2299 par-

854 2303 981 2342 vitate
1030 2301 1292 2355 distinguntur
1319 2331 1331 2349 ‚
1379 2314 1401 2341 a

855 2356 1086 2397 tortricibus
1109 2356 1243 2408 palpis
1283 2355 1400 2410 sepa-

854 2420 1005 2453 rantur.
