1624 2937
271 170 373 238 *484
428 186 669 226 INsssc‘rA
700 165 1426 226 LemnommAjPhal.Tineae.

673 307 759 347 quae
789 292 926 331 unitur
953 307 1036 331 cum
1069 294 1146 331 alae
1173 295 1351 346 oppofitae
1376 294 1528 334 macula
1548 307 1567 346 ;

672 362 807 397 margo
839 348 1010 387 exterior
1051 348 1157 387 intra
1194 350 1338 399 apicem
1364 351 1560 399 striatas,

672 403 704 441 ἃ
741 416 842 452 apex
877 403 1015 452 postice
1056 403 1208 453 punHis
1263 405 1387 443 tribus
1437 405 1562 454 nigris

673 467 850 495 notatus.

621 512 711 561 Obf.
752 510 892 551 Fascia
936 511 1068 550 variat
1099 511 1213 552 color
1256 511 1357 565 saepe
1394 512 1559 552 albidus.

675 565 833 606 Punffis
860 566 981 618 apicis
1011 566 1292 619 dignoscenda.
1320 570 1372 608 V.

286 679 618 731 Swammer—915.
650 677 695 715 P.
727 675 779 715 T.
813 677 831 726 (
857 674 894 714 la
913 675 1241 726 Swammerdan)
1264 676 1449 716 antennis
1469 675 1561 715 lon-

313 732 498 773 damella.
673 730 830 783 giffimis
852 759 865 778 ,
919 729 990 769 alis
1040 729 1349 772 flavescentibus
1404 731 1560 785 pallidis

680 784 958 824 immaculatis.
986 786 1006 805 ³*

622 839 773 879 Clerclc.
798 839 910 890 phal.
951 850 983 879 t.
1022 850 1087 880 12.
1117 841 1159 893 f.
1196 851 1234 881 Ι.

620 894 715 934 Fab.
754 894 899 933 alucita
933 904 996 947 17.

617 948 716 989 Hah.
749 950 789 988 in
816 951 988 1001 Europa.
1027 951 1072 989 In
1099 948 1255 1002 sepibus
1292 963 1418 1004 prope
1454 953 1563 1005 Lug-

674 1005 835 1043 dunum.
863 1006 917 1043 V.

618 1057 734 1108 Dese.
764 1059 918 1098 Media.
955 1058 1048 1097 Alae
1078 1071 1216 1098 omnes
1250 1058 1377 1098 livido
1413 1058 1562 1099 flaves-

672 1122 826 1153 centes.
851 1112 1052 1152 Antennae
1071 1113 1300 1167 longiffimae
1323 1113 1562 1157 albicantes.

676 1167 801 1216 Faun.
833 1178 954 1221 1391.

625 1222 717 1272 Obs.
748 1226 877 1263 Lente
903 1222 1064 1263 volitat.
1086 1226 1141 1266 V.

290 1336 500 1374 Reaumu-
531 1331 626 1386 916.
658 1335 704 1373 P,
734 1335 785 1373 T.
817 1332 894 1383 (la
915 1333 1153 1383 Re'aumur)
1190 1334 1374 1373 antennis
1407 1333 1561 1388 longis-

318 1388 430 1430 rella.
672 1388 772 1426 simis
787 1417 798 1437 ‚
827 1387 898 1427 alis
919 1389 1042 1440 nigris
1062 1388 1286 1427 extrorsum
1308 1390 1522 1431 deauratis.
1539 1391 1560 1412 ⁴

626 1443 776 1482 Οἷα-αἶ’.
800 1442 910 1492 phal.
938 1454 968 1480 t.
1000 1452 1063 1482 12.
1081 1443 1121 1494 f.
1149 1453 1190 1482 2.

623 1497 747 1549 Geoffss
768 1498 894 1547 paris.
920 1508 960 1536 2.
982 1513 1024 1547 p.
1052 1506 1144 1550 193.
1172 1513 1212 1537 n.
1235 1495 1303 1537 28.

625 1551 723 1591 Fab.
754 1552 900 1590 alucita
935 1563 1002 1590 22.

618 1605 720 1646 Hah.
766 1607 806 1645 in
842 1605 988 1648 salice.
1032 1608 1077 1645 In
1121 1605 1252 1645 Gallia
1294 1606 1406 1646 Aust.
1453 1606 1560 1647 haud

679 1659 879 1712 frequens,
902 1662 955 1701 V.

620 1713 736 1765 Dese.
775 1714 923 1766 Corpus
950 1714 1080 1755 tofum
1105 1717 1273 1770 nigrum.
1302 1716 1428 1755 Frons
1457 1716 1560 1758 alba.

678 1770 873 1808 Antennae
910 1769 1149 1823 longiffimae.
1180 1771 1304 1810 Faun.
1330 1782 1449 1824 1392.

554 1851 557 1858 ,
618 1823 785 1864 Renum.
818 1825 919 1864 obiit
943 1834 1073 1877 1757,
1102 1828 1141 1864 X
1170 1824 1245 1873 18,
1276 1828 1405 1865 aetatis
1431 1825 1499 1879 76.

629 1879 720 1928 Obfi
764 1880 923 1931 Optime
958 1881 1087 1920 dicata
1122 1880 1195 1919 fuit
1229 1881 1355 1920 celeb.
1392 1882 1559 1921 Reaum.

676 1934 762 1974 haec
787 1934 995 1987 phalaena;
1035 1934 1101 1974 sed
1134 1934 1185 1975 ne
1222 1935 1443 1975 confundas
1470 1949 1559 1975 cum

677 1989 763 2027 aliis
796 1989 901 2042 phal.
939 1990 1086 2028 auratis
1112 2019 1125 2038 ‚
1169 2003 1331 2042 quarum
1372 2000 1557 2029 antennae

677 2043 851 2083 similiter
871 2044 1113 2096 longiffimae.
1135 2047 1177 2084 In
1197 2045 1256 2083 his
1270 2047 1384 2084 frons
1411 2047 1522 2098 nigra
1545 2073 1558 2095 ,

678 2098 720 2137 in
754 2098 820 2138 illa
848 2098 959 2138 frons
991 2098 1077 2139 alba
1108 2099 1175 2140 vel
1203 2099 1323 2140 flava.
1346 2102 1399 2141 V.

297 2213 360 2253 De
373 2208 637 2264 Geerel-917.
668 2209 715 2248 P.
744 2209 796 2248 T.
827 2212 845 2260 (
876 2209 912 2248 la
940 2210 987 2248 de
1011 2210 1158 2259 Geer)
1191 2210 1376 2249 antennis
1406 2208 1559 2261 longis-

325 2269 378 2307 la.
679 2263 779 2303 fimis
799 2294 810 2313 ‚
850 2263 921 2302 alis
948 2265 1042 2303 atris
1061 2293 1073 2312 ‚
1107 2263 1223 2304 fascia
1255 2273 1458 2317 argentea.
1483 2267 1503 2285 '‘

296 2380 337 2413 ῙῚ
364 2383 410 2412 Itis·
428 2389 490 2410 tam
504 2378 635 2417 parvis,
661 2386 785 2418 tamque
798 2376 871 2416 sere
899 2379 1020 2422 nullis,
1049 2392 1113 2423 (μη-ε
1139 2379 1216 2415 ars!
1245 2388 1361 2422 quanta
1385 2374 1554 2419 majesta-³2

342 2436 431 2465 quam
458 2422 684 2455 inextricabilis
707 2422 938 2463 pslcfzritudol
