1624 2937
226 173 471 214 11³5ssch
501 170 1223 215 LEPIDOPTERA.Phal.Tineae.
1280 172 1359 225 485

429 281 566 321 Clerck
588 282 701 333 phal.
734 291 763 320 t.
792 291 855 321 12.
882 282 921 334 f.
951 291 990 335 3.

420 336 536 386 Scop.
573 352 682 376 carn.
711 336 806 388 697.

419 391 561 431 Uddm.
594 393 674 442 diss:
702 392 768 441 78.

423 446 546 499 Gfflff·
569 448 692 498 paris]
726 458 766 487 2.
801 462 843 497 p.
868 444 934 487 28.
972 456 1003 487 t.
1035 457 1100 488 12.
1124 449 1164 501 f.
1194 456 1228 497 5.

421 501 521 541 Fah.
558 501 704 542 alucita
736 513 804 541 20.

419 556 544 596 Faun.
579 556 709 596 Fridr.
751 572 790 597 n.
816 566 911 609 497.

419 611 484 650 De
507 610 606 650 Geer
635 623 730 651 tom.
764 623 800 651 Ι.
828 620 984 663 p·5⁴1.1.
1012 623 1042 652 t.
1061 622 1128 666 32.
1147 614 1187 665 f.
1210 620 1369 666 13.-25,'

562 678 658 707 tom.
689 679 728 706 α.
770 684 810 718 p.
843 666 937 719 487.
987 669 1171 707 antennis
1218 669 1367 709 filifor-=

474 722 625 771 mibus‚
652 736 823 775 corpore
847 721 967 774 triplo
990 723 1239 776 longioribus
1260 755 1270 771 ,
1294 725 1366 763 alis

472 776 663 826 deflexis,
701 779 821 817 aeneis
841 808 853 827 ,
888 777 1004 817 fascia
1033 777 1162 827 flava,
1191 778 1365 819 caeruleo

422 842 813 936 Ηαῗῗῖξνζηᾶὃῗέεἰει,
865 887 1052 941 imprimis
1096 890 1145 928 ad
1193 888 1368 928 acidulas

481 941 699 982 saetrenses.
725 945 769 981 In
798 942 924 982 Gallia
954 943 1065 983 Aust.
1095 942 1365 995 frequenS.V.

417 995 537 1046 Desc.
555 998 707 1037 Media.
729 997 822 1036 Alae
844 999 1067 1048 superiores
1096 999 1338 1052 nigricantes
1355 1028 1369 1048 ,

477 1051 920 1093 flavo-aurato-striatae
950 1084 963 1102 ,
1000 1052 1117 1093 fascia
1155 1055 1196 1093 in
1235 1055 1369 1095 medio

477 1106 732 1157 transversa,
776 1110 963 1160 utrinque
1004 1109 1181 1161 margine
1220 1110 1369 1163 nigro-

476 1172 688 1215 argenteo.
731 1162 933 1202 Antennae
963 1164 1236 1217 nigricanteS,
1275 1177 1371 1204 cor-

479 1230 579 1270 pore
607 1218 691 1270 plus
729 1232 844 1270 quam
872 1218 1093 1272 quadruplo
1121 1218 1325 1270 longiores
1353 1249 1367 1269 ‚

480 1273 584 1312 adeo
612 1282 776 1313 tenaces
820 1283 862 1312 ut
900 1275 946 1313 iis
992 1272 1110 1313 facile
1143 1273 1370 1325 apprehen-

477 1328 607 1367 datur.
640 1327 765 1369 Faun.
796 1338 917 1382 1393.

86 1436 288 1479 Sultzella.
315 1437 408 1490 918.
441 1438 486 1477 P.
519 1437 571 1477 T.
605 1437 685 1488 (la
728 1436 926 1487 Sultzer)
970 1439 1157 1478 antennis
1203 1438 1364 1479 medio-

476 1491 636 1541 eribus,
665 1490 737 1532 alis
769 1493 893 1546 nigris
911 1521 925 1540 ,
953 1493 1222 1546 superioribus
1251 1493 1369 1535 fascia

477 1560 614 1587 aurea.

422 1601 520 1643 Fal).
557 1602 703 1643 alucita
731 1615 797 1643 20.
832 1607 872 1649 β.

421 1658 521 1699 Hah.
551 1659 589 1696 in
613 1661 786 1710 Europa.
810 1662 854 1698 In
873 1658 1002 1698 Gallia
1031 1659 1141 1700 Aust.
1166 1661 1371 1712 Frequens

481 1726 606 1765 prope
633 1716 882 1765 Lugdunum.
910 1717 964 1754 V.

421 1767 578 1807 Similis
604 1770 652 1807 de
676 1769 872 1808 Geerellae
888 1797 900 1815 ,
915 1770 988 1818 βά
1011 1780 1197 1813 antennae
1216 1771 1372 1809 medio-

479 1838 579 1862 cres.
612 1822 731 1861 Color
756 1826 1208 1876 purpurascenti-niger.
1230 1826 1330 1879 Syst.

430 1877 520 1928 Obfi
551 1880 663 1918 Hanc
690 1879 727 1919 ὃ(
757 1881 1049 1931 praecedentem
1094 1893 1168 1932 pro
1209 1893 1287 1919 una
1333 1882 1373 1921 &z

480 1935 619 1972 eadem
643 1932 771 1985 specie
796 1934 934 1973 habuit
966 1936 1020 1975 D,
1043 1933 1140 1975 Fab.
1178 1935 1243 1975 sed
1279 1935 1373 1975 huie

477 1988 685 2028 clariffimo
709 1990 798 2028 viro
828 1989 1001 2029 assentiri
1037 1990 1195 2030 difficile
1222 1990 1275 2030 est
1292 2021 1302 2039 ‚
1327 2000 1372 2029 ut

477 2051 590 2095 patet
623 2056 673 2083 ex
706 2043 811 2084 desc.
846 2044 904 2083 D.
943 2046 988 2083 de
1024 2044 1126 2085 Geer
1168 2047 1234 2097 qui
1269 2045 1373 2085 hane

481 2097 588 2150 phal.
610 2108 797 2139 accurate
817 2099 1029 2152 descripsit.
1061 2103 1193 2140 Larva
1211 2100 1372 2139 dubium

481 2152 629 2193 solvet.
684 2155 825 2194 Variat
886 2157 1070 2195 antennis
1129 2156 1374 2209 longiffimis.

480 2209 625 2249 Variat
655 2208 784 2249 adhuc
809 2208 938 2249 fasciae
974 2210 1090 2250 color
1117 2211 1184 2263 qui
1225 2210 1375 2263 semper

482 2262 595 2303 albus
628 2264 669 2303 in
699 2265 883 2304 omnibus
915 2264 1070 2306 nostris.
1089 2268 1143 2306 V.

94 2373 300 2416 Podaella.
332 2383 427 2429 919.
458 2375 503 2412 P.
533 2373 585 2412 T.
620 2372 690 2425 (la
711 2375 852 2423 Poda)
877 2376 1062 2416 antennis
1083 2373 1381 2424 mediocribus.

489 2426 559 2469 alis
587 2429 711 2482 nigris
736 2428 856 2471 fascia
883 2430 1086 2524 albidailh
1117 2483 1158 2536 iij
