1624 2937
273 183 514 223 ENsEc'rA
546 182 974 222 LEPIDOPTERA.
995 181 1265 224 Phal.Bomb.
1326 179 1403 237 187

522 289 661 330 sedens
682 291 801 344 erigit
827 303 848 330 a
873 300 989 345 tergo
1015 291 1145 332 cristas
1165 304 1213 341 2,
1242 306 1405 346 quarum

518 347 629 399 prior
660 360 709 386 ex
736 346 883 386 alarum
910 349 1152 387 exteriorum
1171 378 1182 396 ‚
1212 349 1406 400 posterior

522 414 573 441 ex
600 402 835 442 interiorum
870 401 1052 441 dentibus
1074 401 1101 441 s.
1134 402 1276 442 lohulis
1304 417 1406 444 con-

517 456 758 497 niventibus.
789 457 883 495 Alae
914 458 1123 509 inferiores
1151 457 1264 498 flavae
1286 488 1298 509 ,
1325 461 1405 499 im-

516 511 739 552 maculatae.
773 511 897 551 Faun.
927 522 1045 564 1145.

250 624 330 662 ⁰⁰·
365 630 457 676 ¹³⁹·
489 620 1404 728 ¹21.ssae&ss'ffissgrffssssiiffffiff051³.ssssssssss‘¹¹³⁵

464 732 567 779 Raefi
601 733 670 781 infi
701 744 737 773 1.
762 749 805 784 p.
836 744 875 772 2.
904 744 935 772 t.
958 732 1024 786 63.
1158 730 1160 732 ’

467 785 588 827 Wilk.
610 803 705 838 pap.
740 786 778 827 6.
809 798 839 827 t.
867 798 902 828 Ι.
936 803 974 826 a.
1007 799 1070 829 11.

460 841 560 881 Hah.
592 843 631 881 in
660 856 822 895 quercu.
851 845 895 882 In
919 843 1047 883 Gallia
1065 843 1175 885 Aust.
1196 845 1300 886 haud
1317 845 1403 887 fre-

547 910 658 937 uens.
690 901 741 938 V.

456 911 592 992 Lajiva
641 955 777 1001 nuda,
818 953 967 1001 rubra,
1010 954 1160 1006 punffis
1206 955 1397 1009 lineisque

521 1008 619 1047 albis
639 1038 651 1056 ‚
691 1008 834 1048 dorsali
865 1010 1100 1062 interrupta.

460 1061 576 1112 Desit.
614 1065 769 1103 Marem
810 1077 891 1103 non
937 1064 1034 1104 vidi.
1082 1064 1250 1103 Foemirza
1300 1064 1402 1106 facie

516 1117 780 1172 strae’turaque
807 1120 961 1159 nodfflae
995 1119 1136 1159 similis.
1167 1119 1402 1171 Alaesupe..

516 1174 642 1214 riores
671 1190 715 1213 oo
746 1183 911 1213 notatae.
941 1176 1086 1214 Eadem
1113 1173 1165 1214 est
1191 1188 1277 1227 quae
1301 1176 1402 1228 pista

513 1228 555 1267 in
595 1242 716 1281 opere
747 1228 803 1270 D.
828 1229 1000 1279 Roeselii.
1028 1232 1080 1269 V.

465 1282 556 1332 obs.
578 1287 670 1324 Haec
689 1283 794 1337 phal.
820 1284 1003 1324 rariffirna
1031 1285 1132 1337 apud
1156 1297 1243 1324 nos,
1266 1288 1399 1326 Unum

511 1338 785 1433 ffleeimaeitmqin
808 1338 942 1436 uzi-{ro
969 1339 1113 1381 musaeo
1137 1353 1262 1393 prope
1286 1339 1398 1380 Mas-

531 1407 636 1434 iiam
679 1408 721 1434 ez
741 1407 816 1434 um.
887 1424 897 1435 .

568 1504 633 1543 Ex
656 1505 760 1556 spec.
791 1504 848 1544 D.
876 1504 975 1548 Fab.

183 1612 328 1656 Colon.
362 1624 452 1667 140.
484 1616 529 1655 P.
560 1616 605 1655 B.
640 1616 658 1665 (
685 1615 857 1666 Colon)
917 1615 989 1656 alis
1036 1616 1352 1658 incumbentibus
1384 1648 1398 1668 ,

512 1669 821 1724 griseo-fuscis,
859 1672 1010 1725 punffis
1049 1684 1074 1711 2
1100 1703 1112 1722 ‚
1152 1674 1275 1727 nigris
1315 1673 1400 1714 dis-

509 1726 701 1766 tantibus.
736 1737 828 1779 134.

455 1780 555 1820 Hah.
592 1781 631 1819 in
659 1783 884 1823 Germania.
915 1782 1036 1822 Dom.
1068 1783 1113 1821 de
1142 1782 1318 1836 Hactorf.
1350 1786 1397 1823 In

513 1835 640 1875 Gallia
664 1837 773 1877 Aust.
797 1840 849 1878 V.

460 1891 574 1940 Dese.
597 1890 795 1930 Antennae
821 1893 945 1947 nigrae
962 1923 974 1941 .,
993 1893 1211 1945 pefflnatae.
1235 1892 1397 1933 Thorax

508 1947 635 1986 hirtus
650 1977 662 1995 ‚
691 1947 852 2001 griseus.
871 1948 963 1987 Alae
983 1949 1201 1997 superiores
1223 1949 1361 2002 griseae
1381 1979 1395 1998 ‚

514 2002 665 2055 punffis
709 2014 734 2040 2
780 2004 933 2057 nigris3
984 2003 1113 2042 altero
1159 2004 1207 2043 ad
1256 2004 1397 2053 basin,

519 2057 648 2097 altero
681 2070 786 2110 pone
817 2059 1000 2099 medium.

132 2166 328 2222 Populeti.
365 2178 455 2222 141.
488 2170 533 2208 P.
565 2170 609 2206 B.
644 2169 738 2219 (du
771 2168 937 2208 tremble
964 2169 981 2217 )
1035 2167 1104 2207 alis
1153 2167 1393 2208 incumben«
1441 2190 1443 2193 .

514 2223 618 2262 tibus
673 2222 801 2276 griseo
852 2224 985 2263 nitidis
1013 2253 1026 2272 ,
1078 2223 1191 2276 striga
1248 2222 1395 2276 postica

514 2279 747 2331 pun&orum
777 2279 995 2332 nigrorum.
1034 2286 1122 2331 135.

451 2334 504 2374 It.
534 2331 732 2383 Norwag.
765 2335 803 2373 d.
837 2332 874 2373 6.
905 2335 1010 2388 Aug.

456 2388 555 2428 Hah.
581 2389 620 2425 in
645 2387 793 2442 populo
813 2389 979 2430 tremula
1001 2388 1246 2441 Norwagiae.
1266 2387 1390 2428 Dom.

510 2442 687 2485 Stroem.
